@article{sugiura,
author="杉浦, 啓介 and 亀山, 幸義",
title="コード実行機能と計算エフェクトを持つ型付きマルチステージ言語",
journal="コンピュータ ソフトウェア",
ISSN="0289-6540",
publisher="Japan Society for Software Science and Technology",
year="2011",
month="",
volume="28",
number="1",
pages="217-229",
URL="http://ci.nii.ac.jp/naid/130004892161/",
DOI="10.11309/jssst.28.1_217",
}
@article{suzuki,
author="鈴木, 輝信 and 亀山, 幸義",
title="階層化コントロールオペレータに対する型システムの構築",
journal="情報処理学会論文誌プログラミング（PRO）",
ISSN="1882-7802",
publisher="一般社団法人情報処理学会",
year="2007",
month="jun",
volume="48",
number="10",
pages="138-150",
URL="http://ci.nii.ac.jp/naid/110006291062/",
DOI="",
}
@mastershesis{Sudo2015,
author="悠斗, 須藤",
title="計算エフェクトを持ち型安全なコード生成系",
year="2015",
note="筑波大学システム情報工学研究科, 修士論文",
}
@article{Sudo2014,
author="悠斗, 須藤 and Kiselyov, Oleg and 幸義, 亀山",
title="コード生成のための自然演繹",
note="日本ソフトウェア科学会第31回大会, 2014年9月, 名古屋大学. PPL4-4, 9ページ"
}
@article{Materzok2011,
 author = {Materzok, Marek and Biernacki, Dariusz},
 title = {Subtyping Delimited Continuations},
 journal = {SIGPLAN Not.},
 issue_date = {September 2011},
 volume = {46},
 number = {9},
 month = sep,
 year = {2011},
 issn = {0362-1340},
 pages = {81--93},
 numpages = {13},
 url = {http://doi.acm.org/10.1145/2034574.2034786},
 doi = {10.1145/2034574.2034786},
 acmid = {2034786},
 publisher = {ACM},
 address = {New York, NY, USA},
 keywords = {continuation-passing style, delimited continuation, subtyping, type system},
}
@inproceedings{Davies1996,
 author = {Davies, R.},
 title = {A Temporal-logic Approach to Binding-time Analysis},
 booktitle = {Proceedings of the 11th Annual IEEE Symposium on Logic in Computer Science},
 series = {LICS '96},
 year = {1996},
 isbn = {0-8186-7463-6},
 pages = {184--},
 url = {http://dl.acm.org/citation.cfm?id=788018.788825},
 acmid = {788825},
 publisher = {IEEE Computer Society},
 address = {Washington, DC, USA},
 keywords = {Curry-Howard isomorphism, binding-time analysis, functional programming languages, normalization, operational semantics, temporal logic, typed lambda-calculus},
}
@inproceedings{Danvy1990,
 author = {Danvy, Olivier and Filinski, Andrzej},
 title = {Abstracting Control},
 booktitle = {Proceedings of the 1990 ACM Conference on LISP and Functional Programming},
 series = {LFP '90},
 year = {1990},
 isbn = {0-89791-368-X},
 location = {Nice, France},
 pages = {151--160},
 numpages = {10},
 url = {http://doi.acm.org/10.1145/91556.91622},
 doi = {10.1145/91556.91622},
 acmid = {91622},
 publisher = {ACM},
 address = {New York, NY, USA},
}
@article{DBLP,
  author    = {Malgorzata Biernacka and
               Dariusz Biernacki and
               Olivier Danvy},
  title     = {An Operational Foundation for Delimited Continuations in the {CPS}
               Hierarchy},
  journal   = {CoRR},
  volume    = {abs/cs/0508048},
  year      = {2005},
  url       = {http://arxiv.org/abs/cs/0508048},
  timestamp = {Mon, 16 Jan 2012 15:03:28 +0100},
  biburl    = {http://dblp.uni-trier.de/rec/bib/journals/corr/abs-cs-0508048},
  bibsource = {dblp computer science bibliography, http://dblp.org}
}
@inproceedings{Kameyama2009,
 author = {Kameyama, Yukiyoshi and Kiselyov, Oleg and Shan, Chung-chieh},
 title = {Shifting the Stage: Staging with Delimited Control},
 booktitle = {Proceedings of the 2009 ACM SIGPLAN Workshop on Partial Evaluation and Program Manipulation},
 series = {PEPM '09},
 year = {2009},
 isbn = {978-1-60558-327-3},
 location = {Savannah, GA, USA},
 pages = {111--120},
 numpages = {10},
 url = {http://doi.acm.org/10.1145/1480945.1480962},
 doi = {10.1145/1480945.1480962},
 acmid = {1480962},
 publisher = {ACM},
 address = {New York, NY, USA},
 keywords = {code generation, continuations, delimited control, multilevel languages, mutable state, side effects, staged programming},
}
@inproceedings{Westbrook,
 author = {Westbrook, Edwin and Ricken, Mathias and Inoue, Jun and Yao, Yilong and Abdelatif, Tamer and Taha, Walid},
 title = {Mint: Java Multi-stage Programming Using Weak Separability},
 booktitle = {Proceedings of the 31st ACM SIGPLAN Conference on Programming Language Design and Implementation},
 series = {PLDI '10},
 year = {2010},
 isbn = {978-1-4503-0019-3},
 location = {Toronto, Ontario, Canada},
 pages = {400--411},
 numpages = {12},
 url = {http://doi.acm.org/10.1145/1806596.1806642},
 doi = {10.1145/1806596.1806642},
 acmid = {1806642},
 publisher = {ACM},
 address = {New York, NY, USA},
 keywords = {java, multi-stage programming, multi-staged languages, type systems},
}
@incollection{Materzok2012,
year={2012},
isbn={978-3-642-35181-5},
booktitle={Programming Languages and Systems},
volume={7705},
series={Lecture Notes in Computer Science},
editor={Jhala, Ranjit and Igarashi, Atsushi},
doi={10.1007/978-3-642-35182-2_21},
title={A Dynamic Interpretation of the {CPS} Hierarchy},
url={http://dx.doi.org/10.1007/978-3-642-35182-2_21},
publisher={Springer Berlin Heidelberg},
author={Materzok, Marek and Biernacki, Dariusz},
pages={296-311},
language={English}
}
@inproceedings{Taha:2003:EC:604131.604134,
 author = {Taha, Walid and Nielsen, Michael Florentin},
 title = {Environment Classifiers},
 booktitle = {Proceedings of the 30th ACM SIGPLAN-SIGACT Symposium on Principles of Programming Languages},
 series = {POPL '03},
 year = {2003},
 isbn = {1-58113-628-5},
 location = {New Orleans, Louisiana, USA},
 pages = {26--37},
 numpages = {12},
 url = {http://doi.acm.org/10.1145/604131.604134},
 doi = {10.1145/604131.604134},
 acmid = {604134},
 publisher = {ACM},
 address = {New York, NY, USA},
 keywords = {linear temporal logic, modal logic, multi-stage programming, type safety, type systems},
}
@inproceedings{Aplas2016,
 author = {Kiselyov, Oleg and Kameyama, Yukiyoshi and Sudo, Yuto}
 title = {Refined Environment Classifiers: Type- and Scope-safe Code Generation with Mutable Cells}
 booktitle = {Proceedings of the 14th Asian Symposium on Programming Languages and Systems},
 series = {APLAS 2016},
 year = {2016},
 location = {Hanoi, Vietnam},
}
