Automatically generated by Mendeley Desktop 1.16.1
Any changes to this file will be lost if it is regenerated by Mendeley.

BibTeX export options can be customized via Preferences -> BibTeX in Mendeley Desktop

@article{Kameyama2015,
author = {Kameyama, Yukiyoshi and Kiselyov, Oleg and White, Leo},
doi = {10.1017/S0956796811000256},
file = {:Users/yorisilo/Documents/Mendeley/Kameyama, Kiselyov, White{\_}2015{\_}Shifting the stage.pdf:pdf;:Users/yorisilo/Documents/Mendeley//Kameyama, Kiselyov, White{\_}2015{\_}Shifting the s.pdf:pdf;:Users/yorisilo/Documents/Mendeley//Kameyama, Kiselyov, White{\_}2015{\_}Shifting the stage.pdf:pdf},
isbn = {9781605583273},
keywords = {code gen-,code generation offers,continuations,delimited control,eration,hand is,in contrast,inputs,labor-intensive and error-prone,multilevel languages,mutable state,or processors,side effects,staged programming,usages,writing such programs by},
number = {November 2011},
pages = {111--120},
title = {{Shifting the stage}},
year = {2015}
}
