@book{Tanaka_A_2012,
  doi={10.1007/978-3-642-29822-6_21},
  title={A {Call-by-Name} {CPS} Hierarchy},
  isbn={9783642298219},
  volume={7294},
  file={/Users/yorisilo/Dropbox/tsukuba/lab/paper/flops2012.pdf},
  year={2012},
  publisher={springer},
  abstract={The {Continuation-Passing-Style} {(CPS)} translation gives semantics to control operators such as exception and first-class continuations. By iterating this translation, Danvy and Filinski obtained a {CPS} hierarchy, and used it to specify a series of control operators, hierarchical (or layered) delimited-control operators. We introduce a call-by-name variant of the {CPS} hierarchy. While most of the work on delimited-control operators is based on call-by-value calculi, call-by-name delimited-control operators are an active target of recent studies. Our strategy for developing such a hierarchy is to use the results for the call-by-value calculi as much as possible. The key tool is Hatcliff and Danvy’s factorization of Plotkin’s call-by-name {CPS} translation into a thunk translation and a call-by-value {CPS} translation. We show that a call-by-name {CPS} hierarchy can be obtained by naturally extending the factorization to the calculi with control operators, and then prove several properties for this hierarchy.},
  author={Tanaka, Asami and Kameyama, Yukiyoshi}
}

@misc{198C2D19-53E6-8D48-DF3F-CC653E553F2A,
  file={/Users/yorisilo/Dropbox/tsukuba/lab/paper/TPP2013_satou.pdf},
  year={0}
}

@misc{9E7C4C3B-265C-AA93-10E5-CC653E52865E,
  file={/Users/yorisilo/Dropbox/tsukuba/lab/paper/simulation.pdf},
  year={0}
}

@misc{F57EF384-DEA0-38F4-8850-CC653E5C1EE6,
  file={/Users/yorisilo/Dropbox/tsukuba/lab/paper/PPL2016/pdf/9-3.pdf},
  year={0}
}

@misc{64001426-09AF-00B9-5521-CC653E5BC359,
  file={/Users/yorisilo/Dropbox/tsukuba/lab/paper/PPL2016/pdf/9-2.pdf},
  year={0}
}

@misc{8CF25C83-6FD6-AC2A-3F7B-CC653E5B64E6,
  file={/Users/yorisilo/Dropbox/tsukuba/lab/paper/PPL2016/pdf/9-1.pdf},
  year={0}
}

@misc{8EFAD99D-0AED-1C55-8FAD-CC653E5BB669,
  file={/Users/yorisilo/Dropbox/tsukuba/lab/paper/PPL2016/pdf/7-3.pdf},
  year={0}
}

@misc{0A7C2144-C469-40B7-01D1-CC653E5B6B21,
  file={/Users/yorisilo/Dropbox/tsukuba/lab/paper/PPL2016/pdf/7-2.pdf},
  year={0}
}

@misc{1518C4FD-54C4-237D-9B23-CC653E5AA44E,
  file={/Users/yorisilo/Dropbox/tsukuba/lab/paper/PPL2016/pdf/6-3.pdf},
  year={0}
}

@misc{4EB4CA7C-0528-9CD9-F6ED-CC653E5A0ABB,
  file={/Users/yorisilo/Dropbox/tsukuba/lab/paper/PPL2016/pdf/6-2.pdf},
  year={0}
}

@misc{265C7326-985F-00F2-0177-CC653E5A74C4,
  file={/Users/yorisilo/Dropbox/tsukuba/lab/paper/PPL2016/pdf/6-1.pdf},
  year={0}
}

@misc{119BB269-1419-88EC-5C83-CC653E597BB9,
  file={/Users/yorisilo/Dropbox/tsukuba/lab/paper/PPL2016/pdf/5-3.pdf},
  year={0}
}

@misc{16CB3B15-97A8-CE4D-8924-CC653E591EFC,
  file={/Users/yorisilo/Dropbox/tsukuba/lab/paper/PPL2016/pdf/3-1.pdf},
  year={0}
}

@misc{9A6D1CE6-6501-F7EF-4DC4-CC653E596241,
  file={/Users/yorisilo/Dropbox/tsukuba/lab/paper/PPL2016/pdf/13-3.pdf},
  year={0}
}

@misc{C36E52D2-6B69-698F-5011-CC653E59DA9B,
  file={/Users/yorisilo/Dropbox/tsukuba/lab/paper/PPL2016/pdf/13-2.pdf},
  year={0}
}

@misc{D428FD39-13D6-5C76-F1BC-CC653E585BD8,
  file={/Users/yorisilo/Dropbox/tsukuba/lab/paper/PPL2016/pdf/13-1.pdf},
  year={0}
}

@misc{D8EEBC94-D887-862A-CC7B-CC653E581ABE,
  file={/Users/yorisilo/Dropbox/tsukuba/lab/paper/PPL2016/pdf/12-3.pdf},
  year={0}
}

@misc{06F6B1BC-32CB-4EF6-DCF2-CC653E57DEA1,
  file={/Users/yorisilo/Dropbox/tsukuba/lab/paper/PPL2016/pdf/12-2.pdf},
  year={0}
}

@misc{0DDC844B-A7E7-BB0B-2F84-CC653E57A3DB,
  file={/Users/yorisilo/Dropbox/tsukuba/lab/paper/PPL2016/pdf/1-2.pdf},
  year={0}
}

@misc{A8C71FD4-687C-B178-CF41-CC653E575EA5,
  file={/Users/yorisilo/Dropbox/tsukuba/lab/paper/PPL2016/pdf/1-1.pdf},
  year={0}
}

@misc{F391FDB1-E66D-3781-57C3-CC653E4B8137,
  file={/Users/yorisilo/Dropbox/tsukuba/lab/paper/npca2014年部誌_Haskell 再考.pdf},
  year={0}
}

@article{HUTTON_PhD_2015,
  issn={0956-7968},
  doi={10.1017/S0956796815000040},
  title={{PhD} Abstracts},
  volume={25},
  file={/Users/yorisilo/Dropbox/tsukuba/lab/paper/MSP/Journal_of_Functional_Programming_Volume_25.pdf},
  year={2015},
  journal={J Funct Program},
  author={{HUTTON,} {GRAHAM}}
}

@misc{40732B53-BE44-F66B-2BD3-CC653E649A5E,
  file={/Users/yorisilo/Dropbox/tsukuba/lab/paper/MSP/handout/haskell2.pdf},
  year={0}
}

@misc{E9B47098-F977-4C05-8AF0-CC653E64B9A1,
  file={/Users/yorisilo/Dropbox/tsukuba/lab/paper/MSP/handout/haskell1.pdf},
  year={0}
}

@misc{7CF62824-C902-220C-CE5A-CC653E64C848,
  file={/Users/yorisilo/Dropbox/tsukuba/lab/paper/MSP/handout/fold.pdf},
  year={0}
}

@misc{43C76549-0143-01EF-423A-CC653E64C956,
  file={/Users/yorisilo/Dropbox/tsukuba/lab/paper/MSP/handout/action.pdf},
  year={0}
}

@misc{C2A6D7B9-603E-998D-AA6B-CC653E61FC1D,
  file={/Users/yorisilo/Dropbox/tsukuba/lab/paper/MSP/110006864486.pdf},
  year={0}
}

@misc{2047FDC8-7931-C821-EBBE-CC653E480E37,
  file={/Users/yorisilo/Dropbox/tsukuba/lab/paper/masuko13.pdf},
  year={0}
}

@misc{EE76C010-3C78-3ACE-2706-CC653E47CA7C,
  file={/Users/yorisilo/Dropbox/tsukuba/lab/paper/LinearDelimCont.pdf},
  year={0}
}

@misc{2CE9AA14-DF51-1F6A-61D5-CC653E46D735,
  file={/Users/yorisilo/Dropbox/tsukuba/lab/paper/let-insertion.pdf},
  year={0}
}

@misc{7844D594-B931-AC11-88E8-CC653E431C25,
  file={/Users/yorisilo/Dropbox/tsukuba/lab/paper/IPSJ-TPRO4810010 (1).pdf},
  year={0}
}

@misc{F6656B31-1288-4E4C-0A40-CC653E3BA675,
  file={/Users/yorisilo/Dropbox/tsukuba/lab/paper/caml-shift-journal.pdf},
  year={0}
}

@book{Kokaji_Polymorphic_2011,
  doi={10.1007/978-3-642-25318-8_11},
  title={Lecture Notes in Computer Science},
  isbn={9783642253171},
  volume={7078},
  file={/Users/yorisilo/Dropbox/tsukuba/lab/paper/aplas2011.pdf},
  year={2011},
  abstract={Multi-stage programming {(MSP)} is a means for run-time code generation, and has been found promising in various fields including numerical computation and domain specific languages. An important problem in designing {MSP} languages is the dilemma of safety and expressivity; many foundational calculi have been proposed and proven to be type safe, yet, they are not expressive enough. Taha’s {MetaOCaml} provides us a very expressive tool for {MSP,} yet, the corresponding theory covers its purely functional subset only. In this paper, we propose a polymorphic multi-stage calculus with delimited-control operators. Kameyama, Kiselyov, and Shan proposed a multi-stage calculus with computation effects, but their calculus lacks polymorphism. In the presence of control effects, polymorphism in types is indispensable as all pure functions are polymorphic over answer types, and in {MSP} languages, polymorphism in stages is indispensable to write custom generators as library functions. We show that the proposed calculus satisfies type soundness and type inference. The former is the key to guarantee the absence of scope extrusion - open codes are never generated or executed. The latter is important in the {ML-like} programming languages. Following Calcagno, Moggi and Taha’s work, we propose a {Hindley-Milner} style type inference algorithm to obtain principal types for given expressions (if they exist).},
  author={Kokaji, Yuichiro and Kameyama, Yukiyoshi}
}

@misc{4623214C-600B-6DF5-173B-CC653E3691AB,
  file={/Users/yorisilo/Dropbox/tsukuba/lab/paper/2011grad43.pdf},
  year={0}
}

@misc{70FDC925-2492-0810-2D84-CC653E348EE3,
  file={/Users/yorisilo/Dropbox/tsukuba/lab/paper/2006mlworkshop-balat-ocsigen.pdf},
  year={0}
}

@book{Pollard_MSP_2012,
  doi={10.1007/978-3-642-16483-5_3861},
  isbn={9783642164828},
  file={/Users/yorisilo/Dropbox/tsukuba/lab/paper/2009grad65.pdf},
  year={2012},
  author={Pollard, Jeffrey W and {Danilkovitch-Miagkova,} Alla and Minaguchi, Takeo and Waite, Kristin A and Buys, Timon and Lam, Wan L and {M{\"u}ller-Hermelink,} {HK} and Ott, G and Robb, Victoria A and Henske, Elizabeth and Lynge, Elsebeth and Boyd, Norman and Geisler, Christian and Seger, Rony and {Wolf-Peeters,} Christiane and Sagaert, Xavier and Sheng, Shijie and Ribatti, Domenico and Verstovsek, Srdan and Akin, Cem and Stack, Sharon M and Kitada, Shinichi and Gartenhaus, Ronald B and Moretti, Fabiola and Fr{\"u}hwald, Michael C and Mooi, Wolter J and Krausz, Thomas and Kefford, Richard and Peikert, Tobias and Specks, Ulrich and T{\"u}ting, Thomas and Pf{\"o}hler, Claudia and Blask, David E and Stevens, Richard G and Nies, Anne T and Gotoh, Noriko and Tsuchida, Nobuo and Escriba, Pablo V and Singh, Vineeta and Hickey, Martha and Saunders, Christobel and Xiao, {Guang-Hui} and Testa, Joseph R and Furtw{\"a}ngler, Rhoikos and Scholler, Nathalie and Carbone, Michele and Furge, Kyle and Woude, George F and Roland, Wolf C and Muschel, Ruth J and Hunter, Kent and Welch, Danny R and Vaidya, Kedar S and Hurst, Douglas R and Silveira, Alexandra C and Zhang, Xin A and Bari, Rafijul and Silveira, Alexandra and Szmulewitz, Russell and Taylor, Jennifer and {Rinker-Schaffer,} Carrie and Shim, Hyunsuk and Plass, Christoph and Lindsey, Janet C and Clifford, Steven C and Holdenrieder, Stefan and Steinle, Alexander and Salih, Helmut and Brown, David A and Breit, Samuel N and Bauskin, Asne R and Mousses, Spyro and Lung, Maria and {Alix-Panabieres,} Catherine and Pantel, Klaus and Djuzenova, Cholpon S and Dalmay, Tamas and Ahlquist, Terje and Lothe, Ragnhild A and Bhat, Kumar {MR} and Setaluri, Vijayasaradhi and Rutka, James T and Salhia, Bodour and Cockell, Kevin A and Radich, Jerald P and Yamagishi, Sho-ichi and Bignami, Margherita and Verma, Mukesh and Kumar, Deepak and Brenner, Catherine and Zhang, {Yu-Wen} and Jamieson, David and Chi, {Ya-Hui} and Jeang, {Kuan-Teh} and Roninson, Igor B and Dragani, Tommaso A and Sobolev, Alexander S and Powers, Marissa V and Workman, Paul and Evans, Mark F and Cooper, Kumarasen and Kausch, Ingo and Doehn, Christian and Janz, Siegfried and Huang, {Cheng-Long} and Toland, Amanda and Osinaga, Eduardo and Kaye, Frederic J and Lemos, Manuel C and Thakker, Rajesh V and Teh, Bin and Ponder, Bruce {AJ} and Mulligan, Lois M and Gullo, Charles A and Klein, George and Wu, Xifeng and Araten, David J and Loeb, Lawrence A and Cheadle, Jeremy P and Lipsick, Joseph and Albihn, Ami and Henriksson, Marie and Kremens, Bernhard and Germing, Ulrich and {Zangemeister-Wittke,} Uwe and Simon, {Hans-Uwe} and Yu, Yan and Luo, {Jian-Hua} and {\r A}man, Pierre}
}

@article{Danvy_CPS_2005,
  issn={0020-0190},
  doi={10.1016/j.ipl.2005.02.002},
  title={{CPS} transformation of beta-redexes},
  volume={94},
  file={/Users/yorisilo/Dropbox/tsukuba/lab/paper/BRICS-RS-04-39.pdf},
  number={5},
  year={2005},
  abstract={The extra compaction of the most compacting {CPS} transformation in existence, which is due to Sabry and Felleisen, is generally attributed to (1) making continuations occur first in {CPS} terms and (2) classifying more redexes as administrative. We show that this extra compaction is actually independent of the relative positions of values and continuations and furthermore that it is solely due to a context-sensitive transformation of beta-redexes. We stage the more compact {CPS} transformation into a first-order uncurrying phase and a context-insensitive {CPS} transformation. We also define a context-insensitive {CPS} transformation that provides the extra compaction. This {CPS} transformation operates in one pass and is dependently typed.},
  pages={217-224},
  author={Danvy, Olivier and Nielsen, Lasse R}
}

@article{DAVIS_1_2002,
  issn={1076-0512},
  doi={10.1097/00042728-200207000-00011},
  title={1, 2, 3, 4},
  volume={28},
  file={/Users/yorisilo/Dropbox/tsukuba/lab/paper/E7-2.pdf},
  number={7},
  year={2002},
  pages={588-589},
  author={{DAVIS,} {DANIEL} A and {TISDALE,} {GEORGE} G}
}

@article{15D6147A-566D-A801-0560-CC653E2D5E5A,
  title={0508048.pdf},
  file={/Users/yorisilo/Dropbox/tsukuba/lab/paper/0508048.pdf},
  year={0}
}

@article{44FF7803-E5BE-145E-656C-CC653E30E84C,
  title={08.pdf},
  file={/Users/yorisilo/Dropbox/tsukuba/lab/paper/08.pdf},
  year={0}
}

@article{6A5FCC9A-5EF1-B98A-3E75-CC653E31440B,
  title={10.1.1.164.1837.pdf},
  file={/Users/yorisilo/Dropbox/tsukuba/lab/paper/10.1.1.164.1837.pdf},
  year={0}
}

@article{F2D2C2F6-7D99-9988-8B97-CC653E31D914,
  title={10.1.1.24.1094.pdf},
  file={/Users/yorisilo/Dropbox/tsukuba/lab/paper/10.1.1.24.1094.pdf},
  year={0}
}

@article{A0F7B29B-84C7-487C-B29F-CC653E324E7D,
  title={10.1.1.43.1962.pdf},
  file={/Users/yorisilo/Dropbox/tsukuba/lab/paper/10.1.1.43.1962.pdf},
  year={0}
}

@article{B16FABBD-7473-F0D4-3110-CC653E3390E0,
  title={2003-12-01.pdf},
  file={/Users/yorisilo/Dropbox/tsukuba/lab/paper/2003-12-01.pdf},
  year={0}
}

@article{471CB4B0-5739-8A53-6715-CC653E34B645,
  title={2007grad15.pdf},
  file={/Users/yorisilo/Dropbox/tsukuba/lab/paper/2007grad15.pdf},
  year={0}
}

@article{3FDE4871-2448-5D1A-2759-CC653E34400B,
  title={200920713.pdf},
  file={/Users/yorisilo/Dropbox/tsukuba/lab/paper/200920713.pdf},
  year={0}
}

@article{12225AAC-E462-1CF0-BA7A-CC653E359FCB,
  title={201020756.pdf},
  file={/Users/yorisilo/Dropbox/tsukuba/lab/paper/201020756.pdf},
  year={0}
}

@article{5A02C1C7-3C97-9863-3B8A-CC653E35C05C,
  title={2010grad65.pdf},
  file={/Users/yorisilo/Dropbox/tsukuba/lab/paper/2010grad65.pdf},
  year={0}
}

@article{884D5543-AE25-3450-D721-CC653E356125,
  title={2010master0667.pdf},
  file={/Users/yorisilo/Dropbox/tsukuba/lab/paper/2010master0667.pdf},
  year={0}
}

@article{4595198E-5D10-5AAF-209B-CC653E35C47C,
  title={201120754.pdf},
  file={/Users/yorisilo/Dropbox/tsukuba/lab/paper/201120754.pdf},
  year={0}
}

@article{4CC1C68E-E487-7E4B-9AEE-CC653E36E1ED,
  title={27\_3\_51.pdf},
  file={/Users/yorisilo/Dropbox/tsukuba/lab/paper/27_3_51.pdf},
  year={0}
}

@article{0060F8C9-F099-185A-5F2C-CC653E36DC23,
  title={28\_1\_217.pdf},
  file={/Users/yorisilo/Dropbox/tsukuba/lab/paper/28_1_217.pdf;/Users/yorisilo/Dropbox/tsukuba/lab/paper/MSP/28_1_217.pdf},
  year={0}
}

@article{A61DA641-31ED-F572-17B6-CC653E36059A,
  title={3-hoare-notes.pdf},
  file={/Users/yorisilo/Dropbox/tsukuba/lab/paper/3-hoare-notes.pdf},
  year={0}
}

@article{B25C729C-138F-481D-DC00-CC653E3663D0,
  title={30\_1\_180.pdf},
  file={/Users/yorisilo/Dropbox/tsukuba/lab/paper/30_1_180.pdf},
  year={0}
}

@article{599EB15E-38A3-6620-C2E2-CC653E369F9C,
  title={abstract.pdf},
  file={/Users/yorisilo/Dropbox/tsukuba/lab/paper/abstract.pdf},
  year={0}
}

@article{CD95C44B-C891-9EE7-3011-CC653E3756C9,
  title={acc15\_05\_closure-conversion\_4.pdf},
  file={/Users/yorisilo/Dropbox/tsukuba/lab/paper/acc15_05_closure-conversion_4.pdf},
  year={0}
}

@article{BC93F0CC-5F15-A4AD-5E30-CC653E37A78F,
  title={adt.pdf},
  file={/Users/yorisilo/Dropbox/tsukuba/lab/paper/adt.pdf},
  year={0}
}

@article{9D785055-31B1-E4C0-F6E6-CC653E37EA66,
  title={ager-al-ppdp03.pdf},
  file={/Users/yorisilo/Dropbox/tsukuba/lab/paper/ager-al-ppdp03.pdf},
  year={0}
}

@article{643190A7-7CF4-859E-729B-CC653E38B0A7,
  title={aplas07.pdf},
  file={/Users/yorisilo/Dropbox/tsukuba/lab/paper/aplas07.pdf},
  year={0}
}

@article{705EAFB0-FF9F-2B1F-BB22-CC653E3817E4,
  title={asai14.pdf},
  file={/Users/yorisilo/Dropbox/tsukuba/lab/paper/asai14.pdf;/Users/yorisilo/Dropbox/tsukuba/lab/paper/MSP/asai14.pdf;/Users/yorisilo/Dropbox/tsukuba/lab/paper/programming/asai14.pdf},
  year={0}
}

@article{Ager_A_2003,
  issn={0909-0878},
  doi={10.1145/888251.888254},
  title={A functional correspondence between evaluators and abstract machines},
  volume={10},
  file={/Users/yorisilo/Dropbox/tsukuba/lab/paper/BRICS-RS-03-13.pdf;/Users/yorisilo/Dropbox/tsukuba/lab/paper/danvy.pdf;/Users/yorisilo/Dropbox/tsukuba/lab/paper/p8-ager.pdf},
  number={13},
  year={2003},
  pages={8-19},
  author={Ager, Mads and Biernacki, Dariusz and Danvy, Olivier and Midtgaard, Jan}
}

@article{5F99F334-6632-0827-38B4-CC653E3950DD,
  title={{BRICS-RS-04-3.pdf}},
  file={/Users/yorisilo/Dropbox/tsukuba/lab/paper/BRICS-RS-04-3.pdf},
  year={0}
}

@article{A06365FA-1DB2-5D8D-3154-CC653E3CDFBA,
  title={context.pdf},
  file={/Users/yorisilo/Dropbox/tsukuba/lab/paper/context.pdf},
  year={0}
}

@article{214CD58F-4131-3430-546B-CC653E3C4B58,
  title={contfest08slide.pdf},
  file={/Users/yorisilo/Dropbox/tsukuba/lab/paper/contfest08slide.pdf},
  year={0}
}

@article{EF085509-310F-1FA1-2353-CC653E3D3563,
  title={danvy-dissertation.pdf},
  file={/Users/yorisilo/Dropbox/tsukuba/lab/paper/danvy-dissertation.pdf},
  year={0}
}

@article{685AA02D-362D-4D64-0A22-CC653E3D9465,
  title={danvy92representing.pdf},
  file={/Users/yorisilo/Dropbox/tsukuba/lab/paper/danvy92representing.pdf;/Users/yorisilo/Dropbox/tsukuba/lab/paper/foundation/danvy92representing.pdf},
  year={0}
}

@article{E7D2D330-7BC9-E16C-8A52-CC653E668B6D,
  title={{WoutElsinghorst.pdf}},
  file={/Users/yorisilo/Dropbox/tsukuba/lab/paper/datatypealacarte/WoutElsinghorst.pdf},
  year={0}
}

@article{BD63BA0E-5ECF-490F-3BAC-CC653E3E993E,
  title={dspg04a.pdf},
  file={/Users/yorisilo/Dropbox/tsukuba/lab/paper/dspg04a.pdf;/Users/yorisilo/Dropbox/tsukuba/lab/paper/MSP/dspg04a.pdf},
  year={0}
}

@article{98AB3C08-9395-199D-32A4-CC653E3E0CA7,
  title={dual-reloaded.pdf},
  file={/Users/yorisilo/Dropbox/tsukuba/lab/paper/dual-reloaded.pdf},
  year={0}
}

@article{2F29D3F1-DB1D-932D-4183-CC653E62E3FA,
  title={41\_2\_101.pdf},
  file={/Users/yorisilo/Dropbox/tsukuba/lab/paper/foundation/41_2_101.pdf},
  year={0}
}

@article{4230929F-9FDF-3A8C-C3B9-CC653E63803A,
  title={lambda.pdf},
  file={/Users/yorisilo/Dropbox/tsukuba/lab/paper/foundation/lambda.pdf;/Users/yorisilo/Dropbox/tsukuba/lab/paper/lambda_cal/lambda.pdf;/Users/yorisilo/Dropbox/tsukuba/lab/paper/MSP/lambda.pdf},
  year={0}
}

@article{5B964B16-234B-9786-4225-CC653E63F98E,
  title={syntax.pdf},
  file={/Users/yorisilo/Dropbox/tsukuba/lab/paper/foundation/syntax.pdf},
  year={0}
}

@article{50434208-F404-E46F-492F-CC653E40D3AE,
  title={{FPLecture21Handout.pdf}},
  file={/Users/yorisilo/Dropbox/tsukuba/lab/paper/FPLecture21Handout.pdf},
  year={0}
}

@article{84B5E36E-D7AB-9A8B-18D5-CC653E401908,
  title={gttse07.pdf},
  file={/Users/yorisilo/Dropbox/tsukuba/lab/paper/gttse07.pdf},
  year={0}
}

@article{FD2B0A7F-96A3-76D3-2529-CC653E40C4E4,
  title={H25-hoshino.pdf},
  file={/Users/yorisilo/Dropbox/tsukuba/lab/paper/H25-hoshino.pdf},
  year={0}
}

@article{3A87400D-1306-6397-290C-CC653E411FE3,
  title={{Handbook\_Logic\_AI\_LP.pdf}},
  file={/Users/yorisilo/Dropbox/tsukuba/lab/paper/Handbook_Logic_AI_LP.pdf},
  year={0}
}

@article{178C6711-6BC1-94AD-20A5-CC653E41115D,
  title={hcopt.pdf},
  file={/Users/yorisilo/Dropbox/tsukuba/lab/paper/hcopt.pdf},
  year={0}
}

@article{72660724-389D-1ED0-6ED7-CC653E41C298,
  title={hoare20130322.pdf},
  file={/Users/yorisilo/Dropbox/tsukuba/lab/paper/hoare20130322.pdf},
  year={0}
}

@article{DD023F22-25BC-29AF-B73E-CC653E4113E3,
  title={{IPSJ-TPRO0402003.pdf}},
  file={/Users/yorisilo/Dropbox/tsukuba/lab/paper/IPSJ-TPRO0402003.pdf},
  year={0}
}

@article{2523859A-B709-2CC9-4407-CC653E4285B7,
  title={{IPSJ-TPRO0504011.pdf}},
  file={/Users/yorisilo/Dropbox/tsukuba/lab/paper/IPSJ-TPRO0504011.pdf},
  year={0}
}

@article{1175C1AF-B827-B446-506E-CC653E429AAA,
  title={{IPSJ-TPRO0604006.pdf}},
  file={/Users/yorisilo/Dropbox/tsukuba/lab/paper/IPSJ-TPRO0604006.pdf},
  year={0}
}

@article{06C4097B-9955-0239-8CCE-CC653E42F9FD,
  title={{IPSJ-TPRO4606003.pdf}},
  file={/Users/yorisilo/Dropbox/tsukuba/lab/paper/IPSJ-TPRO4606003.pdf},
  year={0}
}

@article{690A592E-DA28-F9F5-9783-CC653E43F5AF,
  title={ishii14.pdf},
  file={/Users/yorisilo/Dropbox/tsukuba/lab/paper/ishii14.pdf},
  year={0}
}

@article{C2F64E19-C653-ED16-D566-CC653E435534,
  title={kaneko13.pdf},
  file={/Users/yorisilo/Dropbox/tsukuba/lab/paper/kaneko13.pdf},
  year={0}
}

@article{AA897CBD-ACAE-4825-B7DD-CC653E445FF2,
  title={kenichi1.pdf},
  file={/Users/yorisilo/Dropbox/tsukuba/lab/paper/kenichi1.pdf},
  year={0}
}

@article{02E5213F-1B70-EDED-4225-CC653E44FF4C,
  title={kinou\_1.pdf},
  file={/Users/yorisilo/Dropbox/tsukuba/lab/paper/kinou_1.pdf},
  year={0}
}

@article{E417C3E7-789B-3D71-6ED4-CC653E454A75,
  title={kitani09.pdf},
  file={/Users/yorisilo/Dropbox/tsukuba/lab/paper/kitani09.pdf},
  year={0}
}

@article{8ED13EB1-1AF8-B119-0288-CC653E5CA862,
  title={3.pdf},
  file={/Users/yorisilo/Dropbox/tsukuba/lab/paper/lambda_cal/3.pdf},
  year={0}
}

@article{324FBEB3-0832-6921-2A16-CC653E5CE7C3,
  title={6.pdf},
  file={/Users/yorisilo/Dropbox/tsukuba/lab/paper/lambda_cal/6.pdf},
  year={0}
}

@article{C6054622-B0C6-9217-5A4E-CC653E5C1C15,
  title={barendregt.pdf},
  file={/Users/yorisilo/Dropbox/tsukuba/lab/paper/lambda_cal/barendregt.pdf},
  year={0}
}

@article{8F729A00-3602-FE7A-30C2-CC653E5D73B6,
  title={lambda00.pdf},
  file={/Users/yorisilo/Dropbox/tsukuba/lab/paper/lambda_cal/lambda00.pdf},
  year={0}
}

@article{9E3B9399-9E5C-F08B-BAEB-CC653E5E43DB,
  title={lambda1.pdf},
  file={/Users/yorisilo/Dropbox/tsukuba/lab/paper/lambda_cal/lambda1.pdf},
  year={0}
}

@article{C6377C39-0AA6-5E99-4AB6-CC653E5E7669,
  title={main.pdf},
  file={/Users/yorisilo/Dropbox/tsukuba/lab/paper/lambda_cal/main.pdf},
  year={0}
}

@article{1F983E82-A131-CF13-F7AA-CC653E5EE88B,
  title={News01\_032.pdf},
  file={/Users/yorisilo/Dropbox/tsukuba/lab/paper/lambda_cal/News01_032.pdf},
  year={0}
}

@article{184919BC-43A4-EE0C-0092-CC653E5E8C1A,
  title={stlc.pdf},
  file={/Users/yorisilo/Dropbox/tsukuba/lab/paper/lambda_cal/stlc.pdf},
  year={0}
}

@article{E478776A-B7A2-8301-B1C0-CC653E5EFCF6,
  title={typedlmd.pdf},
  file={/Users/yorisilo/Dropbox/tsukuba/lab/paper/lambda_cal/typedlmd.pdf},
  year={0}
}

@article{3B5DA0A7-7F44-AD60-2303-CC653E45B545,
  title={{lambdaCB-PPL05.pdf}},
  file={/Users/yorisilo/Dropbox/tsukuba/lab/paper/lambdaCB-PPL05.pdf},
  year={0}
}

@article{4CD57A8F-918B-490A-61AE-CC653E450917,
  title={lazymach.pdf},
  file={/Users/yorisilo/Dropbox/tsukuba/lab/paper/lazymach.pdf},
  year={0}
}

@article{5F789D17-B4CA-EBA8-A8C6-CC653E46F900,
  title={lec5.pdf},
  file={/Users/yorisilo/Dropbox/tsukuba/lab/paper/lec5.pdf},
  year={0}
}

@article{2D951E12-74F9-93B9-900A-CC653E4730A8,
  title={lopstr10.pdf},
  file={/Users/yorisilo/Dropbox/tsukuba/lab/paper/lopstr10.pdf},
  year={0}
}

@article{0A69B3B7-3711-0A58-9584-CC653E483169,
  title={masuko09.pdf},
  file={/Users/yorisilo/Dropbox/tsukuba/lab/paper/masuko09.pdf;/Users/yorisilo/Dropbox/tsukuba/lab/paper/programming/masuko09.pdf},
  year={0}
}

@article{DE1C95C8-32D4-DE90-387B-CC653E48ACD7,
  title={masuko10.pdf},
  file={/Users/yorisilo/Dropbox/tsukuba/lab/paper/masuko10.pdf},
  year={0}
}

@article{50E6A898-C24E-B2B5-91E7-CC653E48685F,
  title={materzok-biernacki-aplas12.pdf},
  file={/Users/yorisilo/Dropbox/tsukuba/lab/paper/materzok-biernacki-aplas12.pdf},
  year={0}
}

@article{6E474614-53E1-34E1-CCCC-CC653E495A7A,
  title={materzok-csl13.pdf},
  file={/Users/yorisilo/Dropbox/tsukuba/lab/paper/materzok-csl13.pdf},
  year={0}
}

@article{D814CF81-379E-9297-DE43-CC653E495317,
  title={{Materzok\_doktorat\_recenzja\_Danvy.pdf}},
  file={/Users/yorisilo/Dropbox/tsukuba/lab/paper/Materzok_doktorat_recenzja_Danvy.pdf},
  year={0}
}

@article{7376A918-9B52-89F2-40C3-CC653E49509A,
  title={{Materzok\_doktorat\_recenzja\_Wojciechowski.pdf}},
  file={/Users/yorisilo/Dropbox/tsukuba/lab/paper/Materzok_doktorat_recenzja_Wojciechowski.pdf},
  year={0}
}

@article{5264EF70-4543-D886-F278-CC653E4A6CB2,
  title={mona.pdf},
  file={/Users/yorisilo/Dropbox/tsukuba/lab/paper/mona.pdf},
  year={0}
}

@article{015D7104-0A42-89E5-1132-CC653E4A6ECE,
  title={{monadicDC.pdf}},
  file={/Users/yorisilo/Dropbox/tsukuba/lab/paper/monadicDC.pdf},
  year={0}
}

@article{529CF672-DAC6-F094-E329-CC653E4BD490,
  title={nakagawa04.pdf},
  file={/Users/yorisilo/Dropbox/tsukuba/lab/paper/nakagawa04.pdf},
  year={0}
}

@article{2CEE8853-4F2C-1127-14CD-CC653E4B313F,
  title={{ohkubo-SS04-2.pdf}},
  file={/Users/yorisilo/Dropbox/tsukuba/lab/paper/ohkubo-SS04-2.pdf},
  year={0}
}

@article{BA060B70-8A88-C92C-36EB-CC653E4CA759,
  title={onpe-hosc.pdf},
  file={/Users/yorisilo/Dropbox/tsukuba/lab/paper/onpe-hosc.pdf},
  year={0}
}

@article{B487342F-75FF-F240-0EEE-CC653E4D0457,
  title={p233-ariola.pdf},
  file={/Users/yorisilo/Dropbox/tsukuba/lab/paper/p233-ariola.pdf},
  year={0}
}

@article{5C7C9AED-04DF-B11E-9C93-CC653E4DE3E6,
  title={p26-taha.pdf},
  file={/Users/yorisilo/Dropbox/tsukuba/lab/paper/p26-taha.pdf},
  year={0}
}

@inproceedings{Taha:2003:EC:604131.604134,
 author = {Taha, Walid and Nielsen, Michael Florentin},
 title = {Environment Classifiers},
 booktitle = {Proceedings of the 30th ACM SIGPLAN-SIGACT Symposium on Principles of Programming Languages},
 series = {POPL '03},
 year = {2003},
 isbn = {1-58113-628-5},
 location = {New Orleans, Louisiana, USA},
 pages = {26--37},
 numpages = {12},
 url = {http://doi.acm.org/10.1145/604131.604134},
 doi = {10.1145/604131.604134},
 acmid = {604134},
 publisher = {ACM},
 address = {New York, NY, USA},
 keywords = {linear temporal logic, modal logic, multi-stage programming, type safety, type systems},
}

@article{E36A2B61-DE05-3C89-FB3E-CC653E4EE2E5,
  title={{PDFView.pdf}},
  file={/Users/yorisilo/Dropbox/tsukuba/lab/paper/PDFView.pdf},
  year={0}
}

@article{84D5DCB6-BB60-DAE3-8836-CC653E4E6521,
  title={pierce\_types\_and\_programming\_languages\_2002.pdf},
  file={/Users/yorisilo/Dropbox/tsukuba/lab/paper/pierce_types_and_programming_languages_2002.pdf},
  year={0}
}

@article{F727B44A-799C-65E6-2537-CC653E4E1558,
  title={popl03.pdf},
  file={/Users/yorisilo/Dropbox/tsukuba/lab/paper/popl03.pdf},
  year={0}
}

@article{EBDA938A-E8FB-22EB-952B-CC653E4E8CDA,
  title={ppdp10.pdf},
  file={/Users/yorisilo/Dropbox/tsukuba/lab/paper/ppdp10.pdf},
  year={0}
}

@article{A31E8532-BF9C-8323-ACA8-CC653E4E9AA4,
  title={{ppl-Symmetric} λ-calculus.pdf},
  file={/Users/yorisilo/Dropbox/tsukuba/lab/paper/ppl-Symmetric λ-calculus.pdf;/Users/yorisilo/Dropbox/tsukuba/lab/paper/sakaue09.pdf},
  year={0}
}

@article{6B592DAA-2C62-B8DC-8DF3-CC653E4F754A,
  title={{PPLSS06.pdf}},
  file={/Users/yorisilo/Dropbox/tsukuba/lab/paper/PPLSS06.pdf},
  year={0}
}

@article{C1D8F4E4-AC55-C515-7926-CC653E4FB906,
  title={presentation061226.pdf},
  file={/Users/yorisilo/Dropbox/tsukuba/lab/paper/presentation061226.pdf},
  year={0}
}

@article{6DD24C5B-FDA8-025F-0B0B-CC653E4F98C0,
  title={principles-of-programming-languages-notes.pdf},
  file={/Users/yorisilo/Dropbox/tsukuba/lab/paper/principles-of-programming-languages-notes.pdf},
  year={0}
}

@article{7B00F62D-3829-813B-A7C2-CC653E5F40E3,
  title={{CPS.pdf}},
  file={/Users/yorisilo/Dropbox/tsukuba/lab/paper/programming/CPS.pdf},
  year={0}
}

@article{A9BAA394-7213-262E-B242-CC653E5FD5ED,
  title={dspg04b.pdf},
  file={/Users/yorisilo/Dropbox/tsukuba/lab/paper/programming/dspg04b.pdf},
  year={0}
}

@article{49DE01A9-85D6-BA19-D434-CC653E60BB40,
  title={mlmt.pdf},
  file={/Users/yorisilo/Dropbox/tsukuba/lab/paper/programming/mlmt.pdf},
  year={0}
}

@article{58103243-A731-3649-3673-CC653E504073,
  title={resume4.pdf},
  file={/Users/yorisilo/Dropbox/tsukuba/lab/paper/resume4.pdf},
  year={0}
}

@article{E244745C-27B4-7665-0B67-CC653E50AF72,
  title={S0956796897002724a.pdf},
  file={/Users/yorisilo/Dropbox/tsukuba/lab/paper/S0956796897002724a.pdf},
  year={0}
}

@article{13C96D32-E1D3-52B1-88AB-CC653E515D23,
  title={S0956796898003037a.pdf},
  file={/Users/yorisilo/Dropbox/tsukuba/lab/paper/S0956796898003037a.pdf},
  year={0}
}

@article{DC010986-19BF-C7FE-BBBB-CC653E5187F2,
  title={sakaue.pdf},
  file={/Users/yorisilo/Dropbox/tsukuba/lab/paper/sakaue.pdf},
  year={0}
}

@article{BBDD505C-06E7-AE60-CA29-CC653E51634C,
  title={sakurai10.pdf},
  file={/Users/yorisilo/Dropbox/tsukuba/lab/paper/sakurai10.pdf},
  year={0}
}

@article{B519F3D8-8B64-23C1-0E5B-CC653E6490C6,
  title={2.pdf},
  file={/Users/yorisilo/Dropbox/tsukuba/lab/paper/semantics/2.pdf},
  year={0}
}

@article{A669F0A6-8A83-5500-5901-CC653E656D58,
  title={Introduction.pdf},
  file={/Users/yorisilo/Dropbox/tsukuba/lab/paper/semantics/Introduction.pdf},
  year={0}
}

@article{1BEDC229-E017-BE88-2079-CC653E650452,
  title={katsumata.pdf},
  file={/Users/yorisilo/Dropbox/tsukuba/lab/paper/semantics/katsumata.pdf},
  year={0}
}

@article{F5ED6A7F-E49D-64C9-0AED-CC653E475909,
  title={shift\_reset.pdf},
  file={/Users/yorisilo/Dropbox/tsukuba/lab/paper/main-j.pdf;/Users/yorisilo/Dropbox/tsukuba/lab/paper/shift_reset.pdf;/Users/yorisilo/Dropbox/tsukuba/lab/paper/MSP/main-j.pdf},
  year={0}
}

@article{01671C34-0031-B621-8CBB-CC653E53D808,
  title={{SS2-2013-staging.pdf}},
  file={/Users/yorisilo/Dropbox/tsukuba/lab/paper/SS2-2013-staging.pdf},
  year={0}
}

@article{5ABECB20-C5DA-6BFD-A188-CC653E54AEA0,
  title={Symmetric λ-calculus.pdf},
  file={/Users/yorisilo/Dropbox/tsukuba/lab/paper/Symmetric λ-calculus.pdf},
  year={0}
}

@article{08DE2020-8308-0CD7-B14A-CC653E542E46,
  title={tcm.pdf},
  file={/Users/yorisilo/Dropbox/tsukuba/lab/paper/tcm.pdf},
  year={0}
}

@article{ABF1FD8A-807B-CAF0-E792-CC653E66C3C5,
  title={Mahany.pdf},
  file={/Users/yorisilo/Dropbox/tsukuba/lab/paper/topos/Mahany.pdf},
  year={0}
}

@article{B2B8C97D-1174-BAB1-42D1-CC653E666FB7,
  title={part-c.pdf},
  file={/Users/yorisilo/Dropbox/tsukuba/lab/paper/topos/part-c.pdf},
  year={0}
}

@article{302F9314-C1AE-9412-2712-CC653E558CD4,
  title={whymulty.pdf},
  file={/Users/yorisilo/Dropbox/tsukuba/lab/paper/whymulty.pdf},
  year={0}
}

@article{3CAFF74B-4272-D30D-CCB9-A25B5BE11D01,
  title={06\_02murakami.pdf},
  year={0}
}

@article{36E5E114-B7B6-A483-76B3-A25B5BE32A3C,
  title={4.pdf},
  year={0}
}

@article{4BAECF6C-8288-ED77-D89C-A25B5BE439BE,
  title={main.pdf},
  year={0}
}

@article{8A3AE84E-EFBD-F3D2-1513-A25B5BEBF4B9,
  title={moe\_theory.pdf},
  year={0}
}

@article{D58D97FD-5433-B27B-4095-A25B5BC68EF7,
  title={2.pdf},
  year={0}
}

@article{F3CCED97-05EE-860A-C28F-A25B5BC601A4,
  title={{CR-proof.pdf}},
  year={0}
}

@article{D3FCEFD3-D882-3DAD-9711-A25B5BC76418,
  title={cs2011\_katsumata1.pdf},
  year={0}
}

@article{AE8CE62D-0494-747B-AE7E-A25B5BC7A1FD,
  title={cs2011\_katsumata2.pdf},
  year={0}
}

@article{8D19BD0B-B6CA-F52C-22E3-A25B5BC78306,
  title={lambda\_slide.pdf},
  year={0}
}

@article{DDAA65B2-6FCA-F20E-78E5-A25B5B478A5A,
  title={{03-LK.pdf}},
  year={0}
}

@article{E42E052C-3BA8-E0A7-330E-A25B5B47D21A,
  title={05mm003.pdf},
  year={0}
}

@article{890C60EF-0CC6-79A8-0BCD-A25B5B478E98,
  title={1103t1.pdf},
  year={0}
}

@article{7212BC6F-71E1-9E61-4F56-A25B5B477D6A,
  title={14\_75.pdf},
  year={0}
}

@article{6FB7E28A-1DBF-5746-C4E1-A25B5B48DFD2,
  title={{1500motsGlobish.pdf}},
  year={0}
}

@article{9459C887-50CF-6631-BC84-A25B5B48A910,
  title={2-ex-ans.pdf},
  year={0}
}

@article{983CDFAC-4261-95D9-4C96-A25B5B485BEA,
  title={4.pdf},
  year={0}
}

@article{9C64ABCF-124A-6799-D9D7-A25B5B485B69,
  title={61061381-2083.pdf},
  year={0}
}

@article{A1F773EF-AEE9-3CF7-BFDE-A25B5B4988A2,
  title={acoff-04.pdf},
  year={0}
}

@article{D0E69A04-5799-2E7D-4005-A25B5B4976DC,
  title={{AI06.pdf}},
  year={0}
}

@article{971FD6AF-D3B7-209F-309F-A25B5B4920BD,
  title={{AI12-8-2004.pdf}},
  year={0}
}

@article{14B8873A-6686-7CC4-2E71-A25B5B495001,
  title={birth.pdf},
  year={0}
}

@article{4A41EEF1-A829-0EE3-D5B0-A25B5B493E86,
  title={coq10.pdf},
  year={0}
}

@article{35629CAE-3466-8511-C817-A25B5B4A1611,
  title={{GEA\_ctt\_web.pdf}},
  year={0}
}

@article{F52B76A6-A1E4-66B7-CADF-A25B5B4A3763,
  title={{gentzen-NK.pdf}},
  year={0}
}

@article{390EB2BA-3629-EA2D-EE29-A25B5B4A9A67,
  title={hakase.pdf},
  year={0}
}

@article{E191A7F3-D2AD-5822-72A5-A25B5B4BB631,
  title={{I1941\_1659\_kiso\_colloquimuH23.pdf}},
  year={0}
}

@article{5B05F974-9C42-0C7C-61A4-A25B5B4B7A22,
  title={imoutoid6\_talk\_pdf.pdf},
  year={0}
}

@article{9A960807-36DF-6BDA-FF2D-A25B5B4B863C,
  title={int-n.pdf},
  year={0}
}

@article{08C7D952-D148-1379-B29C-A25B5B4B6460,
  title={{JKO8-fol.pdf}},
  year={0}
}

@article{16E0E586-6E32-C36F-4D0B-A25B5B4B3F63,
  title={kiyou08-17.pdf},
  year={0}
}

@article{146A24FD-4B19-7A26-B543-A25B5B4C9F14,
  title={kouho\_926d762ef5d729c7544d1276739468c5\_1289788403.pdf},
  year={0}
}

@article{44068A43-67FA-7360-5D8E-A25B5B4CED91,
  title={koyama.pdf},
  year={0}
}

@article{E055E857-D15A-B5BB-E46C-A25B5B4CF0A6,
  title={laplace.pdf},
  year={0}
}

@article{6395859A-3F2D-9B91-0F7D-A25B5BD91AD1,
  title={lec040628.pdf},
  year={0}
}

@article{8F7156E5-B5CA-1488-DD81-A25B5BD95C2F,
  title={toi.pdf},
  year={0}
}

@article{50998154-DC6F-5AC6-753F-A25B5B4C87BF,
  title={list.pdf},
  year={0}
}

@article{E8791A7E-61F4-80CA-034E-A25B5B4CD1B0,
  title={{LK2007.pdf}},
  year={0}
}

@article{408911C6-9E47-3DAE-DE44-A25B5B4DA5EF,
  title={logic-2-2009.pdf},
  year={0}
}

@article{00B34864-D00A-8542-7A9E-A25B5B4D593D,
  title={logic.pdf},
  year={0}
}

@article{9830BCF4-1928-AFDB-1D8E-A25B5B4D380B,
  title={logic01.pdf},
  year={0}
}

@article{31AB4025-08AA-C704-29A6-A25B5B4D41BA,
  title={lss07\_fuchinox.pdf},
  year={0}
}

@article{3C929468-2D17-B31D-CFBB-A25B5B4EF177,
  title={Mar99.pdf},
  year={0}
}

@article{75DFAD67-A3B2-1446-2D70-A25B5BA7BAB3,
  title={bourbakib.pdf},
  year={0}
}

@article{E1E43420-40D9-6A01-B5C2-A25B5BA764DB,
  title={enshu1-060714a.pdf},
  year={0}
}

@article{B2813D74-2C87-B4A7-8359-A25B5BA8CA58,
  title={epdel.pdf},
  year={0}
}

@article{CD779AFF-1F8D-E268-0D7A-A25B5BA806BB,
  title={fa.pdf},
  year={0}
}

@article{116EA7D7-BCB1-575B-1480-A25B5BA8CE9E,
  title={kamo-predicatelogic.pdf},
  year={0}
}

@article{99FC3805-1E46-9AA6-AC0A-A25B5BA9937E,
  title={kamo-shugotoronri-text.pdf},
  year={0}
}

@article{72DFBEA8-F133-7136-BFE3-A25B5BA972A9,
  title={la2note3.pdf},
  year={0}
}

@article{E291E77D-48EF-1E47-3B0D-A25B5BA9055B,
  title={ohno.pdf},
  year={0}
}

@article{8DD0F642-5C2C-18D4-5E5A-A25B5B4E8ECB,
  title={{matumura\_IPSJ\_2ch.pdf}},
  year={0}
}

@article{CA4E20A9-D708-6FC6-2D76-A25B5B4E4C9E,
  title={{MB100316.pdf}},
  year={0}
}

@article{19D20DE5-68D4-5ADE-2A08-A25B5B4EB8BE,
  title={mzlogic.pdf},
  year={0}
}

@article{06477169-5D4A-6C51-34EE-A25B5B4F434B,
  title={pcml0401.pdf},
  year={0}
}

@article{5A508CF1-DC8A-C280-02A1-A25B5B4F29A5,
  title={poly-n.pdf},
  year={0}
}

@article{3C436A7C-2C2A-BE7F-CD8C-A25B5B4FCC05,
  title={print-synsem.pdf},
  year={0}
}

@article{BD71794B-4311-192D-C425-A25B5B4F2484,
  title={proof-n.pdf},
  year={0}
}

@article{DDE037E0-FF39-0B6B-0549-A25B5B50A6DD,
  title={propositional.pdf},
  year={0}
}

@article{7270DA86-FEE7-6C20-C89D-A25B5B5018AF,
  title={pssj.pdf},
  year={0}
}

@article{389FBDCD-DB7B-9512-99A9-A25B5B50A768,
  title={qtree-examples.pdf},
  year={0}
}

@article{3A07222B-EAB7-251F-975F-A25B5B5054CC,
  title={ra.pdf},
  year={0}
}

@article{E5B67202-79AC-68F9-38F6-A25B5B50AEB2,
  title={real-n.pdf},
  year={0}
}

@article{59895DA9-35EE-DA63-91F8-A25B5B513530,
  title={Ronri01.pdf},
  year={0}
}

@article{7CF3EF09-2186-67A2-6E0E-A25B5B51B6BA,
  title={Ronri02.pdf},
  year={0}
}

@article{F90FC634-9BDF-1FD1-22DA-A25B5B515A94,
  title={Ronri03.pdf},
  year={0}
}

@article{9C1EA8A4-839E-3027-885B-A25B5B51CC46,
  title={Ronri04.pdf},
  year={0}
}

@article{469C20D9-187E-9811-04A2-A25B5B52FA0E,
  title={Ronri05.pdf},
  year={0}
}

@article{CCB3EC1B-6623-D880-550A-A25B5B52448D,
  title={Ronri06.pdf},
  year={0}
}

@article{6DF65276-DFF6-3A72-5A58-A25B5B52DBBB,
  title={Ronri07.pdf},
  year={0}
}

@article{F33E986F-556D-1BC1-8806-A25B5B524F55,
  title={Ronri08.pdf},
  year={0}
}

@article{326C9353-2436-8AAE-FD73-A25B5B539F95,
  title={Ronri09.pdf},
  year={0}
}

@article{37C4C94C-3FC6-AD70-89AA-A25B5B53D3C1,
  title={Ronri10.pdf},
  year={0}
}

@article{7DB8FF2F-ABDB-C90B-BC44-A25B5B531D54,
  title={Ronri11.pdf},
  year={0}
}

@article{D978E0A8-F569-CB64-176D-A25B5B53BDD1,
  title={Ronri12.pdf},
  year={0}
}

@article{7BBDC393-27E6-867A-EB5F-A25B5B540A6C,
  title={Ronri13.pdf},
  year={0}
}

@article{31A8B822-D0AA-803A-20E0-A25B5B542A23,
  title={set-n.pdf},
  year={0}
}

@article{400E7ACA-369B-79FD-55DD-A25B5B542D55,
  title={set.pdf},
  year={0}
}

@article{B0109374-A75F-1158-1F74-A25B5BEAB0D2,
  title={2.setsandlogic.pdf},
  year={0}
}

@article{B612D2EB-8A06-E463-C7B8-A25B5B54475B,
  title={{Suri\_Kagaku\_Final\_Version.pdf}},
  year={0}
}

@article{991F3A92-BDB8-98C0-8FBA-A25B5B55D2CA,
  title={susemi0905kada.pdf},
  year={0}
}

@article{0527200F-3C04-2885-A3F7-A25B5B555599,
  title={teachme-egg-dog-12.pdf},
  year={0}
}

@article{587DB6F6-2F26-4517-EEC2-A25B5B551C65,
  title={teregeek2013.pdf},
  year={0}
}

@article{333AB54E-B6DC-8060-1E80-A25B5B550274,
  title={twitter.pdf},
  year={0}
}

@article{C9C10492-D287-5377-D7B6-A25B5B5685BB,
  title={umi\_no\_mieru\_machi.pdf},
  year={0}
}

@article{UYEMATSU_A_2010,
  doi={10.1587/essfr.4.123},
  title={A Story Afterwards of {“A} Mathematical Theory of Communication”},
  volume={4},
  number={2},
  year={2010},
  abstract={[in Japanese]},
  pages={123-128},
  author={{UYEMATSU,} Tomohiko}
}

@article{96A22066-26CE-A914-F69C-A25B5B56AEC3,
  title={{記号論理学I（岡本賢吾）.pdf}},
  year={0}
}

@article{7CA84B0F-B259-06D1-9F9B-A25B5BA9F547,
  title={01-senkei.pdf},
  year={0}
}

@article{B88848D5-4D53-16C8-64D1-A25B5BA996E7,
  title={08-9.pdf},
  year={0}
}

@article{BC14A3CD-9706-F2AB-5648-A25B5BAAD356,
  title={1317-04.pdf},
  year={0}
}

@article{237E4CAB-32E5-BD7D-7789-A25B5BAA8670,
  title={4\_for\_print.pdf},
  year={0}
}

@article{457C7A38-4FE1-6D04-8DB9-A25B5BAACC71,
  title={610-08.pdf},
  year={0}
}

@article{60C49778-9DE2-502C-2814-A25B5BE5D051,
  title={kiso4ode.pdf},
  year={0}
}

@article{D7AF06D5-1FF4-2D5C-543C-A25B5BAB8C53,
  title={cp.pdf},
  year={0}
}

@article{F75C8134-55E1-FA78-23A0-A25B5BB9120E,
  title={7-01.pdf},
  year={0}
}

@article{86602AB1-7793-6EBA-CD11-A25B5BB93CBC,
  title={7-02.pdf},
  year={0}
}

@article{E4EE7A6C-5D49-3862-F633-A25B5BBAB5E4,
  title={7-03.pdf},
  year={0}
}

@article{BC300245-135D-9804-0193-A25B5BBA6B84,
  title={7-04.pdf},
  year={0}
}

@article{4B16048C-1DFC-559C-5966-A25B5BBA1C08,
  title={7-05.pdf},
  year={0}
}

@article{99A0F4E2-02CD-F697-8E3C-A25B5BBBD942,
  title={7-06.pdf},
  year={0}
}

@article{38685465-66CC-49A1-30A6-A25B5BBB6E9B,
  title={7-07.pdf},
  year={0}
}

@article{00A630B7-CF2C-CE66-19E8-A25B5BBB633C,
  title={7-08.pdf},
  year={0}
}

@article{CC071F4F-A69F-93E5-6FAB-A25B5BBB1E44,
  title={7-09.pdf},
  year={0}
}

@article{D6583653-E91D-ED65-3B08-A25B5BBB70CB,
  title={7-10.pdf},
  year={0}
}

@article{BC2F8454-C22A-7911-C96D-A25B5BBC4AA2,
  title={7-11.pdf},
  year={0}
}

@article{B8F05882-9044-323A-25A3-A25B5BBCEDA5,
  title={7-12.pdf},
  year={0}
}

@article{815ACB76-3E29-B702-EA1F-A25B5BBCF4BD,
  title={7-a1.pdf},
  year={0}
}

@article{F3BC63F8-634E-F062-5A09-A25B5BBCCB9A,
  title={elemag.pdf},
  year={0}
}

@article{D44B86AA-152A-C2C7-934E-A25B5BAB86FB,
  title={figures7.pdf},
  year={0}
}

@article{952E4AC4-9A68-C786-F8CD-A25B5BAB5F4B,
  title={firstcourse.pdf},
  year={0}
}

@article{786F4035-F768-8101-12E3-A25B5BE33FD6,
  title={lanote051207.pdf},
  year={0}
}

@article{E99A2305-B36C-ED65-E73F-A25B5BE3A58E,
  title={sisu-taisu.pdf},
  year={0}
}

@article{410574C5-E8CD-F8A1-B833-A25B5B84985E,
  title={講義ノート\_ベクトル解析.pdf},
  year={0}
}

@article{55315BF9-C2C9-6F78-E077-A25B5B84B4BF,
  title={{講義ノート\_代数学I.pdf}},
  year={0}
}

@article{30D6A557-0520-AB4C-F423-A25B5B85E688,
  title={{講義ノート\_代数学II.pdf}},
  year={0}
}

@article{403B1DCF-376E-B47D-053D-A25B5B85D3FC,
  title={講義ノート\_低温物理学.pdf},
  year={0}
}

@article{FCD8AC06-7B57-EF59-255C-A25B5B851311,
  title={講義ノート\_光物性.pdf},
  year={0}
}

@article{88860054-5EC8-86C9-F14B-A25B5B8632F8,
  title={講義ノート\_函数論.pdf},
  year={0}
}

@article{C4369765-BEDE-A972-3F03-A25B5B868215,
  title={講義ノート\_原子核物理学.pdf},
  year={0}
}

@article{70943F44-E5FE-21F5-7238-A25B5B8686BE,
  title={講義ノート\_原子物理学.pdf},
  year={0}
}

@article{5920EE50-B675-25A9-AC50-A25B5B86F0B2,
  title={講義ノート\_宇宙の物理学.pdf},
  year={0}
}

@article{B60080D6-F9E3-0E6A-9D9F-A25B5B8620B9,
  title={{講義ノート\_幾何学I.pdf}},
  year={0}
}

@article{1AA25ECE-E160-4A2C-E22E-A25B5B87EBBB,
  title={{講義ノート\_幾何学II.pdf}},
  year={0}
}

@article{10D9A860-E8FB-8A37-4D33-A25B5B87A529,
  title={講義ノート\_微分方程式.pdf},
  year={0}
}

@article{CB64D0D9-EEA0-374D-AD96-A25B5B870F07,
  title={講義ノート\_振動波動論.pdf},
  year={0}
}

@article{1960EAF3-4F59-596A-BBB7-A25B5B88C1B0,
  title={{講義ノート\_数学解析I.pdf}},
  year={0}
}

@article{1DB3C84B-8EDF-8333-D0AC-A25B5B880AAF,
  title={{講義ノート\_数学解析II.pdf}},
  year={0}
}

@article{0DCAA780-386C-55CF-A9F7-A25B5B883C62,
  title={{講義ノート\_物性物理学I.pdf}},
  year={0}
}

@article{778F1FC6-0272-33DC-2723-A25B5B887E9D,
  title={{講義ノート\_物性物理学II.pdf}},
  year={0}
}

@article{69594529-A652-CABF-F2B9-A25B5B880F10,
  title={{講義ノート\_物理学情報処理論I.pdf}},
  year={0}
}

@article{9056E868-CFD5-42DE-7EF6-A25B5B896C45,
  title={{講義ノート\_物理学情報処理論II.pdf}},
  year={0}
}

@article{783E6B18-4537-FD0C-207D-A25B5B89EBF7,
  title={講義ノート\_物理数学\_前.pdf},
  year={0}
}

@article{2F1ACD62-AD7A-F70C-18F7-A25B5B89570A,
  title={講義ノート\_物理数学\_後.pdf},
  year={0}
}

@article{4195A856-3B89-823C-8984-A25B5B895249,
  title={講義ノート\_物理数学特論.pdf},
  year={0}
}

@article{F5E888F0-67E8-8625-10D2-A25B5B8AFF43,
  title={講義ノート\_物質構造解析.pdf},
  year={0}
}

@article{5317C65B-014B-308A-F2C5-A25B5B8AB7DE,
  title={講義ノート\_特殊相対論.pdf},
  year={0}
}

@article{FC4082FC-9623-85AB-F6D3-A25B5B8AD877,
  title={講義ノート\_確率論基礎.pdf},
  year={0}
}

@article{89057FB5-1B34-C1E1-5AC2-A25B5B8A9855,
  title={講義ノート\_素核実験物理学.pdf},
  year={0}
}

@article{C9D45635-5FB9-D940-9C14-A25B5B8B0830,
  title={{講義ノート\_素核実験物理学III.pdf}},
  year={0}
}

@article{47596782-1883-B22C-978D-A25B5B8BBD6D,
  title={講義ノート\_素粒子論物理学.pdf},
  year={0}
}

@article{CB84B10D-02B5-76D4-12A3-A25B5B8B4B6F,
  title={講義ノート\_結晶物理学.pdf},
  year={0}
}

@article{9D409B13-01DF-AD69-3673-A25B5B8BB3C5,
  title={{講義ノート\_統計熱力学I.pdf}},
  year={0}
}

@article{84EB594B-E060-8AD5-7EC6-A25B5B8C20B8,
  title={{講義ノート\_統計熱力学II.pdf}},
  year={0}
}

@article{AADEC9C9-0653-33A4-0DDB-A25B5B8C5F03,
  title={講義ノート\_統計物理学特論.pdf},
  year={0}
}

@article{CF070404-F76D-8CD0-E4D4-A25B5B8C7B66,
  title={{講義ノート\_解析力学I.pdf}},
  year={0}
}

@article{58732E52-4EA8-C7A1-DBFA-A25B5B8C3312,
  title={{講義ノート\_解析力学II.pdf}},
  year={0}
}

@article{5DAFBC88-BE56-86B2-45DF-A25B5B8D2FF1,
  title={講義ノート\_連続体力学.pdf},
  year={0}
}

@article{1992CAEC-6E40-950D-9A5B-A25B5B8DF41B,
  title={講義ノート\_量子凝縮系の物性.pdf},
  year={0}
}

@article{4ACAD535-CBBA-2278-EEBF-A25B5B8D8769,
  title={{講義ノート\_量子力学I.pdf}},
  year={0}
}

@article{474F1B18-B273-03A9-FD70-A25B5B8D0336,
  title={{講義ノート\_量子力学II.pdf}},
  year={0}
}

@article{152F90F7-D20B-17B3-2D8E-A25B5B8EC2C8,
  title={{講義ノート\_量子力学特論II.pdf}},
  year={0}
}

@article{BA6E8C26-B259-5AE5-4864-A25B5B8EC1D5,
  title={{講義ノート\_量子力学特論III.pdf}},
  year={0}
}

@article{DC8AB26A-5D36-D825-94AA-A25B5B8E895D,
  title={{講義ノート\_量子力学特論IV.pdf}},
  year={0}
}

@article{312431DA-6804-1E95-DB82-A25B5B8F9663,
  title={講義ノート\_集合と位相.pdf},
  year={0}
}

@article{03D6338F-9EDA-075E-6AC3-A25B5B8FB6CB,
  title={{講義ノート\_電磁気学I.pdf}},
  year={0}
}

@article{F2C09F84-B97D-DDA9-F0E6-A25B5B8F4BA5,
  title={{講義ノート\_電磁気学II.pdf}},
  year={0}
}

@article{0ED86BAA-0977-D4D5-BCED-A25B5B8F8467,
  title={{講義ノート\_電磁気学III.pdf}},
  year={0}
}

@article{781FC4EB-42DF-E21A-0192-A25B5BAB77EA,
  title={moriya-ca1060101.pdf},
  year={0}
}

@article{C693D058-74E3-0E73-B30E-A25B5BAB4349,
  title={note\_ch07.pdf},
  year={0}
}

@article{3ECA9038-8E31-CB78-6049-A25B5BACA67A,
  title={prooftemplate.pdf},
  year={0}
}

@article{A4D5F2BA-5606-F787-E214-A25B5BACFE03,
  title={sample.pdf},
  year={0}
}

@article{71FEE4CC-168E-9618-7A72-A25B5BAC8871,
  title={sisu-taisu.pdf},
  year={0}
}

@article{7FA3AA9A-68C7-ECD3-A142-A25B5BAD142B,
  title={startup.pdf},
  year={0}
}

@article{F7BD0573-115B-C318-F2BA-A25B5BADF342,
  title={sugaku-1a.pdf},
  year={0}
}

@article{7B3A9B7A-FC09-F8BD-EC4D-A25B5BAD5F3E,
  title={sugaku-2b.pdf},
  year={0}
}

@article{930D2B77-A946-A616-34B7-A25B5BADD324,
  title={sugaku-2b\_k.pdf},
  year={0}
}

@article{173E8D73-39FD-ECD3-442C-A25B5BAD422F,
  title={sync.pdf},
  year={0}
}

@article{BFA7F217-EB95-C195-705B-A25B5BAE8716,
  title={thermo\_1\_01.pdf},
  year={0}
}

@article{5D8C747B-F5F0-528E-B406-A25B5B6DD099,
  title={060509-yatabe.pdf},
  year={0}
}

@article{3D1AC6F0-D406-9D77-36D1-A25B5B6DC2F7,
  title={06gun\_02hen\_05.pdf},
  year={0}
}

@article{3255FF85-7265-C5FD-F6A1-A25B5B6D9C92,
  title={{06SummerSchool.pdf}},
  year={0}
}

@article{AF253636-5364-0C36-D439-A25B5B6E3179,
  title={1.pdf},
  year={0}
}

@article{AA5C5711-2309-8584-E5FC-A25B5B6E9987,
  title={110006825822.pdf},
  year={0}
}

@article{E9AB071D-1B02-824A-B113-A25B5B6E34F3,
  title={2.pdf},
  year={0}
}

@article{66FE5AA7-A280-0F29-3275-A25B5B6E8CAF,
  title={20140120ans.pdf},
  year={0}
}

@article{0C143CDD-1691-B9BB-2CB6-A25B5B6FF555,
  title={{223Bnotes.pdf}},
  year={0}
}

@article{65AC8A0A-B0BA-366B-B742-A25B5B6FF12C,
  title={3.pdf},
  year={0}
}

@article{8EE61BB7-A17E-B50A-639A-A25B5B6F1A42,
  title={4.pdf},
  year={0}
}

@article{FE2C03AF-5126-C5BA-607A-A25B5B6F837B,
  title={5.pdf},
  year={0}
}

@article{BE8A4A52-1538-1A27-CC64-A25B5B703D35,
  title={6.pdf},
  year={0}
}

@article{6835B1F3-AFBB-5A7B-BC42-A25B5B70B415,
  title={7.pdf},
  year={0}
}

@article{3063106A-79E8-7B70-86DD-A25B5B70DDAC,
  title={8.pdf},
  year={0}
}

@article{1AD9177B-DF36-1EBC-FFF9-A25B5B70C66C,
  title={{AbstractAlgebraAndApplications.pdf}},
  year={0}
}

@article{F9290B4B-786C-49E1-DD9F-A25B5B70771D,
  title={advice.pdf},
  year={0}
}

@article{E63846B9-EB29-C114-9C84-A25B5B71BC4B,
  title={algorithm\_1.pdf},
  year={0}
}

@article{A9804BBA-C23D-C58E-85F3-A25B5B716980,
  title={{anoronbun\_V1N1.pdf}},
  year={0}
}

@article{D2A1FBDF-3356-60EA-3D5A-A25B5B71D184,
  title={{anoronbun\_V1N2.pdf}},
  year={0}
}

@article{BDEB6DDE-F942-0F75-0786-A25B5B72B119,
  title={ans5\_30.pdf},
  year={0}
}

@article{BC183FE4-A128-E2EB-66B8-A25B5B72648F,
  title={answer1.pdf},
  year={0}
}

@article{CD0EE9C5-C2D2-D6EA-843B-A25B5B7203BF,
  title={answer2.pdf},
  year={0}
}

@article{93FD192C-A65A-BF0A-4298-A25B5B7283CE,
  title={arai.pdf},
  year={0}
}

@article{541A7B15-9050-3A59-F294-A25B5B724EAA,
  title={ast-web.pdf},
  year={0}
}

@article{41653B22-8D02-8C1A-82E6-A25B5BAECCBA,
  title={biseki.pdf},
  year={0}
}

@article{DC697105-D361-3A90-504B-A25B5BAEF1ED,
  title={cal1-v03.pdf},
  year={0}
}

@article{E8A299B3-F623-BC2C-5559-A25B5BAEF60C,
  title={cal2-v03.pdf},
  year={0}
}

@article{6F7D4A1E-F8E1-B5F6-1BE0-A25B5BAFFC7D,
  title={cal2012haru.pdf},
  year={0}
}

@article{EDF4412D-5235-338B-B9AD-A25B5BAF3B8E,
  title={cal2012keiko.pdf},
  year={0}
}

@article{C0728CBE-9AB8-0924-D650-A25B5BAF9697,
  title={line1.pdf},
  year={0}
}

@article{A4B023A4-C89B-EC5F-D855-A25B5BAFED23,
  title={sekibun02.pdf},
  year={0}
}

@article{07650C67-E1E9-55D4-ABCF-A25B5BB083A2,
  title={sekibun07.pdf},
  year={0}
}

@article{582B4DEF-C2C3-0191-B8D4-A25B5BB01EB2,
  title={sekibun08.pdf},
  year={0}
}

@article{90209C3F-2098-776E-391F-A25B5BB05721,
  title={sekibun13.pdf},
  year={0}
}

@article{6F6FF7B2-4DAC-14F2-097E-A25B5BB095EA,
  title={sekibun14.pdf},
  year={0}
}

@article{C73B9E24-B884-4F02-CF77-A25B5BB02C45,
  title={sekibun15.pdf},
  year={0}
}

@article{33AB1AFD-0AC7-357A-1A5F-A25B5BEB909F,
  title={オタク女の教える本当のオタク女ファッション.pdf},
  year={0}
}

@article{54D7DEE9-44EB-C724-5283-A25B5BB1EA84,
  title={sekibun16.pdf},
  year={0}
}

@article{FC06693A-ADDF-E554-3F8B-A25B5BB1E5B9,
  title={sekibun17.pdf},
  year={0}
}

@article{C415212F-A1F2-E78A-164F-A25B5BB157BF,
  title={sekibun18.pdf},
  year={0}
}

@article{B604F9A7-17F1-4F95-DE93-A25B5BB163A8,
  title={sekibun19.pdf},
  year={0}
}

@article{4773A02B-0C7F-9C40-5366-A25B5BB29126,
  title={sekibun20.pdf},
  year={0}
}

@article{BE6EEBE2-B155-821C-3606-A25B5BB2D422,
  title={sekibun21.pdf},
  year={0}
}

@article{Yonezawa_A_2008,
  doi={10.2197/ipsjdc.4.182},
  title={A Type System for Dynamic Delimited Continuations},
  volume={4},
  file={/Users/yorisilo/Dropbox/tsukuba/lab/paper/Yonezawa et al-2008-Ipsj Digital Cour 1.pdf},
  year={2008},
  journal={Ipsj Digital Cour},
  abstract={We study the control operators “control” and “prompt” which manage part of continuations, that is, delimited continuations. They are similar to the well-known control operators“shift” and “reset”, but differ in that the former is dynamic, while the latter is static. In this paper, we introduce a static type system for “control”and “prompt” which does not use recursive types. We design our type system based on the dynamic {CPS} transformation recently proposed by Biernacki, Danvy and Millikin. We also introduce let-polymorphism into our type system, and show that our type system satisfies several important properties such as strong type soundness.},
  pages={182-192},
  author={Yonezawa, Takuo and Kameyama, Yukiyoshi}
}

@article{1D81B55F-AC87-533C-43C2-A25B5BB2127A,
  title={sekibun25.pdf},
  year={0}
}

@article{EDFB5074-E453-7456-AE19-A25B5BB25988,
  title={sekibun26.pdf},
  year={0}
}

@article{4D14B57B-6A56-CA1C-9159-A25B5BB2FE4F,
  title={sekibun33.pdf},
  year={0}
}

@article{77BEEEBF-36E7-731E-3837-A25B5BB3D3D1,
  title={sekibun47.pdf},
  year={0}
}

@article{BB1FD644-BB6C-DB87-64B8-A25B5BB31AE9,
  title={sup2.pdf},
  year={0}
}

@article{39ED79AA-E30F-C168-00EB-A25B5B736365,
  title={bnf\_slide03.pdf},
  year={0}
}

@article{4124FEDE-82CF-0863-4FAD-A25B5B730AEE,
  title={butsuri.pdf},
  year={0}
}

@article{30F4FAA7-0937-2157-1A29-A25B5B7357E7,
  title={C1-1.pdf},
  year={0}
}

@article{172A8154-076F-8CBD-7218-A25B5B735D9C,
  title={{Cafe\_Bollweck2012.pdf}},
  year={0}
}

@article{F8C617FB-A183-8395-FC27-A25B5B7490CE,
  title={cat10.pdf},
  year={0}
}

@article{621975C4-FBBD-8723-2699-A25B5B748545,
  title={Choice Principles.pdf},
  year={0}
}

@article{9B4F983C-6E6E-A1A0-3E61-A25B5B7429BB,
  title={comp-lecture-note-v1-1.pdf},
  year={0}
}

@article{35F01FE8-C8ED-01AF-7DDB-A25B5B74EB6F,
  title={complete.pdf},
  year={0}
}

@article{5AD3A827-3AAD-9EF6-46BB-A25B5BE2ACF9,
  title={9.pdf},
  year={0}
}

@article{56C14383-B516-F24C-9BE7-A25B5BE2EFB8,
  title={coq2.pdf},
  year={0}
}

@article{80773BF2-332C-CF4C-C63B-A25B5B7415F3,
  title={coq1.pdf},
  year={0}
}

@article{B8A841A1-E43E-4C29-44C5-A25B5B751AD0,
  title={cpu2010.pdf},
  year={0}
}

@article{91EC5BAD-418C-8606-94C4-A25B5B75A664,
  title={curryhoward.pdf},
  year={0}
}

@article{EE3CD42F-4A60-E579-5EC9-A25B5BE7AE5C,
  title={{INDEX\_111213.pdf}},
  year={0}
}

@article{2FB9613F-E727-07CE-9B62-A25B5B75B1B7,
  title={epsilon.pdf},
  year={0}
}

@article{CE47F664-FE2E-7130-1D02-A25B5B75E12D,
  title={gengobunkashakai\_8\_55\_71.pdf},
  year={0}
}

@article{91024364-D3FF-A2D1-E490-A25B5B760117,
  title={guidance13\_gs.pdf},
  year={0}
}

@article{4C8E5BBA-1A1B-9940-C39B-A25B5B763175,
  title={hanapuri1.pdf},
  year={0}
}

@article{FD81C17C-F57C-B9D2-CA97-A25B5B762CD4,
  title={hm3-2-30.pdf},
  year={0}
}

@article{D24F8436-5DA4-FD82-468B-A25B5B776E49,
  title={hosaka-graph.pdf},
  year={0}
}

@article{5069B01B-256A-7780-12A0-A25B5B77EBFB,
  title={im-sec03.pdf},
  year={0}
}

@article{85406DEC-8CC3-2D6E-A7A0-A25B5B77F7CF,
  title={introd\_phys03\_rev.pdf},
  year={0}
}

@article{0BF59D89-4678-B4D1-DF15-A25B5B77AC3F,
  title={kigo.pdf},
  year={0}
}

@article{0D243BBE-39CC-53D4-B9E7-A25B5B788E64,
  title={Kunen, K. (1980). Set Theory.pdf},
  year={0}
}

@article{85511137-BC93-2ABF-70D0-A25B5B781B13,
  title={kyoto\_13\_091027.pdf},
  year={0}
}

@article{19AA0CCA-AAA3-8C86-F639-A25B5B7883E9,
  title={kyoto\_14\_091110b.pdf},
  year={0}
}

@article{0C3685EA-C345-DE57-F7C7-A25B5B79CB5A,
  title={kyoto\_15\_101012.pdf},
  year={0}
}

@article{F4C5D0B9-08F9-FDEE-F700-A25B5B790CF9,
  title={kyoto\_16\_101019a.pdf},
  year={0}
}

@article{A16813E2-C7FC-8F36-E4D8-A25B5B79A1D1,
  title={kyoto\_16\_111018.pdf},
  year={0}
}

@article{E7FCA3B3-4C6E-0939-55B6-A25B5B792A75,
  title={la2note071106.pdf},
  year={0}
}

@article{FDD87D03-5F02-A208-3CCA-A25B5B7922B0,
  title={light-lightnovel\_contest\_rashita.pdf},
  year={0}
}

@article{B352FE8F-64C2-7856-6E40-A25B5B7A090F,
  title={linking-l-to-k-v3c.pdf},
  year={0}
}

@article{64612953-29CE-3C7A-AAA3-A25B5B560A0C,
  title={kyoto\_10\_130721.pdf},
  year={0}
}

@article{37EAC733-D8A2-AB61-78B8-A25B5B57426B,
  title={kyoto\_02\_130423.pdf},
  year={0}
}

@article{593B66C1-FAD8-72BF-E0AF-A25B5B572F16,
  title={kyoto\_03\_130514 (1).pdf},
  year={0}
}

@article{C6F17308-6C06-DE72-813A-A25B5B584716,
  title={kyoto\_04\_120501.pdf},
  year={0}
}

@article{06A2855D-7172-D62B-A8E4-A25B5B585DFF,
  title={kyoto\_05\_120508.pdf},
  year={0}
}

@article{33BFD462-E575-72A3-14E2-A25B5B58CF1C,
  title={kyoto\_05\_130611 (1).pdf},
  year={0}
}

@article{00F5D3F7-4434-B06A-83C1-A25B5B593F36,
  title={kyoto\_06\_130625.pdf},
  year={0}
}

@article{9F3A157E-74F0-5A61-969E-A25B5B597E54,
  title={kyoto\_07\_120522.pdf},
  year={0}
}

@article{2A5FEF31-9C2A-69A7-678A-A25B5B59BD5B,
  title={kyoto\_07\_130702.pdf},
  year={0}
}

@article{6240F2CB-B9F8-998C-7CEB-A25B5B5A41AE,
  title={kyoto\_08\_120529.pdf},
  year={0}
}

@article{C11310F0-3EA6-8A2F-9413-A25B5B5AD9FD,
  title={kyoto\_08\_130709.pdf},
  year={0}
}

@article{E431709C-E31D-4922-177F-A25B5B5A84BA,
  title={kyoto\_09\_120605.pdf},
  year={0}
}

@article{39969B3E-CE61-2121-6AB9-A25B5B5A52B0,
  title={kyoto\_09\_130716.pdf},
  year={0}
}

@article{32AF8858-5AEF-D008-E816-A25B5B5B3ABE,
  title={kyoto\_10\_120612.pdf},
  year={0}
}

@article{BE761214-6DA5-C567-3263-A25B5B5B4077,
  title={kyoto\_11\_120619.pdf},
  year={0}
}

@article{4D34D313-1FBF-A6E1-AD53-A25B5B5C0AFA,
  title={kyoto\_12\_120703.pdf},
  year={0}
}

@article{055A50C8-0EE3-76EE-2973-A25B5B5CAE62,
  title={kyoto\_13\_120710.pdf},
  year={0}
}

@article{E6EA2AE4-394F-BC96-1826-A25B5B5C4347,
  title={kyoto\_14\_120723.pdf},
  year={0}
}

@article{CD97DDA2-03E9-9B5D-1338-A25B5B5C540C,
  title={kyoto\_15\_121002.pdf},
  year={0}
}

@article{03333864-1051-DC14-10E3-A25B5B5C5D9D,
  title={kyoto\_16\_121009.pdf},
  year={0}
}

@article{49F85E39-82B1-CD3E-D122-A25B5B5D1859,
  title={kyoto\_17\_121016.pdf},
  year={0}
}

@article{70A8AF21-0DF8-946E-3655-A25B5B5D4591,
  title={kyoto\_18\_121030.pdf},
  year={0}
}

@article{EAB1B390-3B97-F622-B164-A25B5B5D7B58,
  title={kyoto\_19\_121106.pdf},
  year={0}
}

@article{6C120C1B-267A-725C-788B-A25B5B5D19FA,
  title={kyoto\_20\_121112.pdf},
  year={0}
}

@article{1F130090-D248-6BC5-9690-A25B5B5ED4D4,
  title={kyoto\_21\_121120.pdf},
  year={0}
}

@article{4AE91467-ED54-BAF9-E713-A25B5B5EB6BF,
  title={kyoto\_22\_121127.pdf},
  year={0}
}

@article{A61CCA58-F6AF-8297-618E-A25B5B5EB940,
  title={kyoto\_23\_121204.pdf},
  year={0}
}

@article{A70BBC7F-AE07-EC9F-25F9-A25B5B5EF768,
  title={kyoto\_24\_121211.pdf},
  year={0}
}

@article{304163EE-5220-4B48-F615-A25B5B5F8C25,
  title={kyoto\_25\_121218.pdf},
  year={0}
}

@article{F6FA2B61-4FB3-86CC-6885-A25B5B5F83AF,
  title={kyoto\_26\_130122.pdf},
  year={0}
}

@article{0C0A6BA5-FBD4-F1BA-1A1F-A25B5B5F8D30,
  title={kyoto\_homework\_04\_120501.pdf},
  year={0}
}

@article{922C9CE9-305A-B345-2A2C-A25B5B5FF939,
  title={kyoto\_homework\_04\_130604.pdf},
  year={0}
}

@article{04E0D6DD-B2D0-3755-EB07-A25B5B60DA54,
  title={kyoto\_homework\_20\_121113r1.pdf},
  year={0}
}

@article{D4B12D20-F66C-0BB8-E18D-A25B5B60C4A4,
  title={kyoto\_homework\_summer\_130811.pdf},
  year={0}
}

@article{2F734806-77F9-01E5-8717-A25B5B60A8E8,
  title={kyoto\_lecture\_1201\_120409.pdf},
  year={0}
}

@article{8688356F-ACC8-0207-A7B1-A25B5B611F15,
  title={kyoto\_lecture\_1203\_120423.pdf},
  year={0}
}

@article{0A1E7E58-94D9-488B-73F7-A25B5B618E89,
  title={kyoto\_lecture\_1205\_120506.pdf},
  year={0}
}

@article{98F9FEB0-DD6D-5EF5-D166-A25B5B610F0F,
  title={kyoto\_lecture\_1206\_120514.pdf},
  year={0}
}

@article{1A444CC5-C103-A88E-7E9F-A25B5B616035,
  title={kyoto\_lecture\_1207\_120520.pdf},
  year={0}
}

@article{F1517745-644A-4438-CC93-A25B5B617EF3,
  title={kyoto\_lecture\_1208\_120527.pdf},
  year={0}
}

@article{8EE13379-4395-E6CB-36CD-A25B5B62871D,
  title={kyoto\_lecture\_1208\_130709.pdf},
  year={0}
}

@article{4052474E-4066-261E-296A-A25B5B625097,
  title={kyoto\_lecture\_1209\_120603.pdf},
  year={0}
}

@article{CC194283-89C5-1304-7E5A-A25B5B62A5C6,
  title={kyoto\_lecture\_1210\_120612.pdf},
  year={0}
}

@article{1AEA0188-C425-1B7F-8153-A25B5B63AB92,
  title={kyoto\_lecture\_1211\_120617.pdf},
  year={0}
}

@article{36ED17D0-6017-9B7E-4012-A25B5B63F060,
  title={kyoto\_lecture\_1212\_120708r2.pdf},
  year={0}
}

@article{62548FFC-4BFD-C58D-6BD4-A25B5B63E604,
  title={kyoto\_lecture\_1213\_120709.pdf},
  year={0}
}

@article{EAEBDE32-5977-6ECC-7716-A25B5B6342A1,
  title={kyoto\_lecture\_1214\_120723.pdf},
  year={0}
}

@article{37713B8D-47AF-0C17-F75D-A25B5B635B71,
  title={kyoto\_lecture\_1215\_121001.pdf},
  year={0}
}

@article{5B631851-16BD-EF29-984C-A25B5B6470C9,
  title={kyoto\_lecture\_1216\_121008.pdf},
  year={0}
}

@article{5841084E-19DA-E76C-C906-A25B5B64576F,
  title={kyoto\_lecture\_1217\_121014.pdf},
  year={0}
}

@article{D8577364-719C-679B-9CF3-A25B5B647028,
  title={kyoto\_lecture\_1218\_121030r1.pdf},
  year={0}
}

@article{1B126579-444E-E294-B2D8-A25B5B6468DA,
  title={kyoto\_lecture\_1219\_121106r1.pdf},
  year={0}
}

@article{4178A90E-535A-EE61-FEE9-A25B5B650ABD,
  title={kyoto\_lecture\_1221\_121117r1.pdf},
  year={0}
}

@article{0427D744-CCF9-DE0F-274D-A25B5B653E9E,
  title={kyoto\_lecture\_1222\_121127.pdf},
  year={0}
}

@article{62D284A8-873E-0F9C-8816-A25B5B652EBD,
  title={kyoto\_lecture\_1223special\_121209.pdf},
  year={0}
}

@article{0996CAF5-69BE-9924-9833-A25B5B65DEC9,
  title={kyoto\_lecture\_1224\_121209.pdf},
  year={0}
}

@article{C78A6D1A-8CAA-9643-D5B3-A25B5B66D681,
  title={kyoto\_lecture\_1305\_130611.pdf},
  year={0}
}

@article{ACB4558C-9F29-7A12-521E-A25B5B661C35,
  title={kyoto\_lecture\_1306\_130625.pdf},
  year={0}
}

@article{03C2161F-C7CF-6B10-50D7-A25B5B6643BC,
  title={kyoto\_lecture\_1307\_130702.pdf},
  year={0}
}

@article{840A921F-517F-CCEE-F8A7-A25B5B674892,
  title={kyoto\_lecture\_1309\_130716.pdf},
  year={0}
}

@article{DF833FFD-EECD-8B66-524B-A25B5B67FFA9,
  title={kyoto\_lecture\_1310\_130723.pdf},
  year={0}
}

@article{051A076B-5FB6-BC7C-6248-A25B5B69B2C7,
  title={mugolskdj-21099.pdf},
  year={0}
}

@article{6C3C038A-E73D-E873-CFAB-A25B5B6989C5,
  title={muh1imen4-21099.pdf},
  year={0}
}

@article{F7CEC2D4-AE9D-1B93-3FE8-A25B5B6C8D37,
  title={mus9ea4k1-21099.pdf},
  year={0}
}

@article{D136D51A-C04F-BB1A-5CBE-A25B5B6D8FAA,
  title={{ST\_Ochanomizu\_130216r2.pdf}},
  year={0}
}

@article{DA56C6EA-F743-778F-A066-A25B5B7A14BB,
  title={ml\_for\_nlp.pdf},
  year={0}
}

@article{0CAA9916-DD1C-2945-DF7A-A25B5B7A463C,
  title={kyoto\_lecture\_1301\_130414.pdf},
  year={0}
}

@article{D97DDD44-FB82-AF57-BC6B-A25B5B7A96DE,
  title={mu3y30bsf-1782995.pdf},
  year={0}
}

@article{1BEEBF18-76EA-43B2-B33F-A25B5B7BEB99,
  title={mu5oupyw8-21099.pdf},
  year={0}
}

@article{2BB55C71-9D78-5545-AC84-A25B5B7B326D,
  title={mu7qu1caj-21099.pdf},
  year={0}
}

@article{D805F9B1-F9AA-C54B-10F6-A25B5B7B6AE7,
  title={mu9piwt3e-121.pdf},
  year={0}
}

@article{14BE9A87-61E6-48EE-A9C3-A25B5B7B37B5,
  title={mu9x4cdje-21099.pdf},
  year={0}
}

@article{5E4262CF-31D6-D31C-F745-A25B5B7B42C1,
  title={mugnlf6fx-1782995.pdf},
  year={0}
}

@article{5298F32A-87FF-A4EC-A336-A25B5B7CED06,
  title={mur789p4c-121.pdf},
  year={0}
}

@article{2042ABA2-3898-3440-C418-A25B5B7CE3B9,
  title={kyoto\_03\_130514.pdf},
  year={0}
}

@article{55505AE1-DD79-B7AA-ED3E-A25B5B7C43C3,
  title={murvua2z1-121.pdf},
  year={0}
}

@article{EA2C521B-D274-7E57-3C48-A25B5B7CF34A,
  title={muttoo4sn-21099.pdf},
  year={0}
}

@article{89BCD045-0511-E6AF-84D2-A25B5B7D08AC,
  title={muu5m1o2a-121.pdf},
  year={0}
}

@article{FF909CBD-895A-932E-BBA5-A25B5B7DBECA,
  title={muumfhsb6-1782995.pdf},
  year={0}
}

@article{4274E1AD-83D7-910D-1D24-A25B5B7D2EE1,
  title={muwdopmkg-21099.pdf},
  year={0}
}

@article{C3A2DA47-FDCE-2FD2-3060-A25B5B7EB58C,
  title={muxxues04-121.pdf},
  year={0}
}

@article{82AE23ED-CC5C-128C-BE15-A25B5B7E01A9,
  title={muzx091kn-121.pdf},
  year={0}
}

@article{32909FB2-B633-FB00-2117-A25B5B7E9E00,
  title={nec\_datamining\_seminar6.pdf},
  year={0}
}

@article{856CBC28-EA66-4637-20D3-A25B5B7E5B1D,
  title={{nori\_Coq1.pdf}},
  year={0}
}

@article{0577CB0F-02D0-00D4-02B1-A25B5B7E7B5C,
  title={npca2013年部誌文化祭号.pdf},
  year={0}
}

@article{A5DE1CEA-FE82-7D77-63D2-A25B5B7F7C90,
  title={npca2013年部誌文化祭号\_競技プログラミングと初等整数論入門.pdf},
  year={0}
}

@article{7253203C-7AA2-1B28-4E0A-A25B5B7F8AFD,
  title={oc10neko.pdf},
  year={0}
}

@article{73EEF974-5C11-CED8-B65E-A25B5B7F057D,
  title={{OSC2009Nagoya\_ocaml.pdf}},
  year={0}
}

@article{CF3BA134-A208-DDED-9FF7-A25B5B80B1F6,
  title={parosky2012anoron.pdf},
  year={0}
}

@article{427F9156-2192-A4E6-6BFC-A25B5B8095FB,
  title={pcml-16.pdf},
  year={0}
}

@article{666D335F-F61D-706A-0488-A25B5B804B9B,
  title={pldi044-bohm.pdf},
  year={0}
}

@article{5BDC9290-29D6-AE4B-A280-A25B5B80AB8D,
  title={pr-grad-all.pdf},
  year={0}
}

@article{2CCD476B-FBC5-4713-F45D-A25B5B81E54F,
  title={predicate-logic-ss11.pdf},
  year={0}
}

@article{0CD30E81-4850-A187-407E-A25B5B810A2B,
  title={{PS2008-014.pdf}},
  year={0}
}

@article{D01B6BF6-C1ED-2CE1-8164-A25B5B81CECC,
  title={rep1add.pdf},
  year={0}
}

@article{DAE26495-69F4-3160-EA19-A25B5B812EFE,
  title={saka11-03a.pdf},
  year={0}
}

@article{B6FBDFBC-6E60-69DE-9B04-A25B5B995A59,
  title={111005doc1.pdf},
  year={0}
}

@article{A5374CA3-24CC-4479-6948-A25B5B99B478,
  title={111005doc2.pdf},
  year={0}
}

@article{A9DD4C40-40B0-F2E6-17E2-A25B5B9A2DED,
  title={111005test1.pdf},
  year={0}
}

@article{D50327CC-1F6D-408D-03A3-A25B5B9A69EC,
  title={111012doc1.pdf},
  year={0}
}

@article{56AF1BAB-7601-24CA-9AA1-A25B5B9AD1DB,
  title={111012test1.pdf},
  year={0}
}

@article{77557B27-456E-16C2-9ED8-A25B5B9AFF0B,
  title={111019doc1.pdf},
  year={0}
}

@article{5B6CF49A-65AD-9C11-1D70-A25B5B9B1C6D,
  title={111019test1.pdf},
  year={0}
}

@article{82E99CC7-6830-7EBF-0261-A25B5B9B11F1,
  title={111102doc1.pdf},
  year={0}
}

@article{29C78B48-4CF4-5E97-98B5-A25B5B9B861F,
  title={111102test1.pdf},
  year={0}
}

@article{336461D1-D934-A233-8F00-A25B5B9BC6D5,
  title={111109doc1.pdf},
  year={0}
}

@article{FBF03FB2-D8FF-5DEB-92E4-A25B5B9CB025,
  title={111109test1.pdf},
  year={0}
}

@article{256BA1EF-F8F8-0883-D34B-A25B5B9C93B3,
  title={111130doc1.pdf},
  year={0}
}

@article{B19CB7F2-5F81-33F3-B73A-A25B5B9C69CE,
  title={111130doc2.pdf},
  year={0}
}

@article{ECA594A4-7875-FA15-7464-A25B5B9C343C,
  title={111130test1.pdf},
  year={0}
}

@article{DA6D38F1-1825-A988-CD0D-A25B5B9C429A,
  title={111221doc1.pdf},
  year={0}
}

@article{4E50A30C-9825-3FC2-388C-A25B5B9D4433,
  title={111221test1.pdf},
  year={0}
}

@article{D6170E53-24B1-B89A-950C-A25B5B9DD39B,
  title={120111doc1.pdf},
  year={0}
}

@article{B7D359B1-22E0-6794-908A-A25B5B9E27A6,
  title={120111test1.pdf},
  year={0}
}

@article{8415623A-96DF-AFC3-A866-A25B5B9EFF38,
  title={120118test1.pdf},
  year={0}
}

@article{63C87D0A-F28A-2934-54CD-A25B5B9E686C,
  title={120125doc1.pdf},
  year={0}
}

@article{72D1D97C-439E-E75D-2065-A25B5B9E82BF,
  title={120125test1.pdf},
  year={0}
}

@article{BF136632-A1B7-EAB3-C173-A25B5B9E5C2C,
  title={120201doc1.pdf},
  year={0}
}

@article{9EE3BEA0-8792-E255-6D94-A25B5B9FD8ED,
  title={120201test1.pdf},
  year={0}
}

@article{99FFE17E-7A2D-3780-BABA-A25B5B9FC005,
  title={120208doc1.pdf},
  year={0}
}

@article{97DDA6AA-FE46-6D76-3D46-A25B5BA05465,
  title={la2note1.pdf},
  year={0}
}

@article{FC5BD41B-E4F3-5301-8C15-A25B5BA0B28F,
  title={trans\_vars.pdf},
  year={0}
}

@article{C1FBE29C-AFCA-CEFD-A794-A25B5BA0BC56,
  title={vector.pdf},
  year={0}
}

@article{03E7DE65-F17B-1CE9-9EE4-A25B5B82EF77,
  title={su52\_04.pdf},
  year={0}
}

@article{45020541-345E-6348-0935-A25B5B82D99A,
  title={suuretu\_17.pdf},
  year={0}
}

@article{34AF9B21-F4AB-7C45-60A4-A25B5B83C806,
  title={uid2013-kato.pdf},
  year={0}
}

@article{47190A59-ED31-1250-DF3F-A25B5B839E05,
  title={リー代数入門.pdf},
  year={0}
}

@article{A4349EF8-E5DC-456C-4C48-A25B5B838595,
  title={型理論(2-8).pdf},
  year={0}
}

@article{4FCC8AAB-E2D6-BBFF-BD65-A25B5BE05603,
  title={{2012年度期末試験問題（I3複素関数論／複素数学／関数論）.pdf}},
  year={0}
}

@article{60CB5FDF-7142-D5BB-680E-A25B5BE0D660,
  title={{H23-4-1-応用数学B\_フーリエ.pdf}},
  year={0}
}

@article{FB3E1489-7CC5-A5C9-7ACC-A25B5BE07163,
  title={{H23-4-1-応用数学B\_ラプラス.pdf}},
  year={0}
}

@article{953C1D62-D9FA-8CA1-7462-A25B5BE6FEF8,
  title={確率統計.pdf},
  year={0}
}

@article{640A1348-8467-E1E3-24D7-A25B5B83CCE8,
  title={集合と位相(1-7).pdf},
  year={0}
}

@article{B122DC2F-9C0D-B782-18D0-CC653E3E6440,
  title={Drnakata\_lecture.pdf},
  file={/Users/yorisilo/Dropbox/tsukuba/lab/paper/Drnakata_lecture.pdf},
  year={0}
}

@article{F02F67A7-FCAB-3E08-11C4-CC653E4A41A6,
  title={mpaper.pdf},
  file={/Users/yorisilo/Dropbox/tsukuba/lab/paper/mpaper.pdf},
  year={0}
}

@article{B79D1EA2-64E4-5D44-3279-A25B5BD48834,
  title={rails4-with-google-map-api.pdf},
  year={0}
}

@article{72989DF1-0683-20A0-CA55-CC653E51E251,
  title={sd\_engine.pdf},
  file={/Users/yorisilo/Dropbox/tsukuba/lab/paper/sd_engine.pdf},
  year={0}
}

@article{36AB4D94-377C-3CB5-A811-A25B5BBD743E,
  title={20120225\_zengeren\_air.pdf},
  year={0}
}

@article{B8160A25-990C-0DBD-A784-A25B5BBDC1C7,
  title={9784774166346-01.pdf},
  year={0}
}

@article{734B93EE-06B2-5964-4A1F-A25B5BBD6EEB,
  title={{All\_About\_Monads.pdf}},
  year={0}
}

@article{DDA20BDB-820D-C1C9-BF04-A25B5C4657A1,
  title={Alloy Cheat Sheet.pdf},
  year={0}
}

@article{C61922ED-9E1E-9EAD-70D7-A25B5C46D868,
  title={test.pdf},
  year={0}
}

@article{988B478E-A946-E483-78EC-A25B5BBDD535,
  title={Booklet 2011b.pdf},
  year={0}
}

@article{B5D0ED34-018B-F422-37C2-A25B5BBED0E3,
  title={buho305.pdf},
  year={0}
}

@article{4BAA919F-964F-BC90-2EE7-A25B5BE2F7E1,
  title={2013-09-24\_numdot2661.pdf},
  year={0}
}

@article{164386D1-CB2E-E182-3CCF-A25B5BE22916,
  title={numdot.pdf},
  year={0}
}

@article{E4A87C79-FB39-262E-0F3E-A25B5BE73B92,
  title={06gun\_02hen\_04.pdf},
  year={0}
}

@article{5E22596F-218D-6B8B-367D-A25B5BE84931,
  title={dbtimes-vol02.pdf},
  year={0}
}

@article{BCEC93ED-E31F-962D-0659-A25B5BE93BF7,
  title={erd.pdf},
  year={0}
}

@article{FA47CB2F-C829-1FE6-2898-A25B5BD2E430,
  issn={1468-0319},
  doi={10.1111/1468-0319.12176},
  title={Contents},
  volume={39},
  pages={1-1},
  year={2015},
  abstract={No abstract is available for this article.},
  number={4}
}

@article{4C3759B1-B819-AD7A-C660-A25B5BD2084F,
  title={シェルプログラミング実用テクニック\_00.pdf},
  year={0}
}

@article{C2FC0F1A-05E4-4EE3-187E-A25B5BD2AA49,
  title={{パーフェクトRuby-on-Rails\_00.pdf}},
  year={0}
}

@article{1ECE0DEA-599F-3B2B-57F8-A25B5BD34950,
  title={{プログラミング-in-OCaml-〜関数型プログラミングの基礎からGUI構築まで〜\_00.pdf}},
  year={0}
}

@article{05984EC9-5F33-9A06-795F-A25B5BD347A1,
  title={関数プログラミング実践入門-──簡潔で，正しいコードを書くために\_00.pdf},
  year={0}
}

@article{913DBCC3-07CF-E660-59B5-A25B5BDB2408,
  title={git\_cheat\_sheet.pdf},
  year={0}
}

@article{C4AE21FC-623B-5260-0F5E-A25B5BDB07AC,
  title={progit.ja.pdf},
  year={0}
}

@article{E84845BA-FC46-9A0B-4BA4-A25B5BDB66B5,
  title={saru demowakaru {GitNyuumon}  for Mac {OS} {X(G} - Kabushikigaisha nu rabo.pdf},
  year={0}
}

@article{8CB99B68-1CEC-DB5F-730E-A25B5BE4A32A,
  title={Learn You a Haskell for Great Good.pdf},
  year={0}
}

@article{66D05A34-B1F8-2CFE-B3D7-A25B5BE41A39,
  title={{npca2012年部誌文化祭号\_Haskell} {でLazy} K 処理系を作る.pdf},
  year={0}
}

@book{Igarashi_Deriving_2007,
  doi={10.1007/978-3-540-76637-7_14},
  isbn={9783540766360},
  volume={4807},
  year={2007},
  abstract={We develop virtual machines and compilers for a multi-level language, which supports multi-stage specialization by composing program fragments with quotation mechanisms. We consider two styles of virtual machines—ones equipped with special instructions for code generation and ones without—and show that the latter kind can deal with, more easily, low-level code generation, which avoids the overhead of (run-time) compilation by manipulating instruction sequences, rather than source-level terms, as data. The virtual machines and accompanying compilers are derived by program transformation, which extends Ager et al.’s derivation of virtual machines from evaluators.},
  author={Igarashi, Atsushi and Iwaki, Masashi}
}

@article{Kiselyov_Backtracking_2005,
  issn={0362-1340},
  doi={10.1145/1090189.1086390},
  title={Backtracking, interleaving, and terminating monad transformers},
  volume={40},
  number={9},
  year={2005},
  pages={192},
  author={Kiselyov, Oleg and Shan, Chung-chieh and Friedman, Daniel P and Sabry, Amr}
}

@article{Morihata_A_2011,
  issn={0288-3635},
  doi={10.1007/s00354-010-0098-4},
  title={A Short Cut to Optimal Sequences},
  volume={29},
  number={1},
  year={2011},
  abstract={We propose a method of developing efficient programs for finding the optimal sequence, such as the maximum valued one among those that are acceptable. We introduce a method of deriving efficient algorithms from naive enumerate-and-choose-style ones. Our method is based on shortcut fusion, which is a program transformation for eliminating intermediate data structures passed between functions, and a set of auxiliary transformations. As an implementation of our method, we introduce a library for finding optimal sequences. The library consists of proposed transformations, together with functions useful to describe desirable sequences, so that naive enumerate-and-choose-style programs will be automatically improved.},
  pages={31-59},
  author={Morihata, Akimasa}
}

@article{Danvy_Abstracting_1990,
  doi={10.1145/91556.91622},
  title={Abstracting control},
  year={1990},
  pages={151-160},
  author={Danvy, Olivier and Filinski, Andrzej}
}

@book{Sheard_Lecture_2001,
  doi={10.1007/3-540-44806-3_2},
  title={Accomplishments and Research Challenges in Meta-programming},
  isbn={9783-540-42558-8},
  year={2001},
  author={Sheard, Tim}
}

@article{Kelsey_A_1995,
  issn={0362-1340},
  doi={10.1145/202530.202532},
  title={A correspondence between continuation passing style and static single assignment form},
  volume={30},
  number={3},
  year={1995},
  pages={13-22},
  author={Kelsey, Richard A}
}

@article{Landin_The_1966,
  issn={0001-0782},
  doi={10.1145/365230.365257},
  title={The next 700 programming languages},
  volume={9},
  number={3},
  year={1966},
  pages={157-166},
  author={Landin, {PJ}}
}

@article{Sangiorgi_Environmental_2011,
  issn={0164-0925},
  doi={10.1145/1889997.1890002},
  title={Environmental bisimulations for higher-order languages},
  volume={33},
  number={1},
  year={2011},
  pages={1-69},
  author={Sangiorgi, Davide and Kobayashi, Naoki and Sumii, Eijiro}
}

@book{Dowek_Undergraduate_2011,
  doi={10.1007/978-0-85729-076-2},
  isbn={9780857290755},
  year={2011},
  author={Dowek, Gilles and L{\'e}vy, {Jean-Jacques}}
}

@article{Masuko_Direct_2009,
  doi={10.1145/1596627.1596636},
  title={Direct implementation of shift and reset in the {MinCaml} compiler},
  year={2009},
  pages={49},
  author={Masuko, Moe and Asai, Kenichi}
}

@article{Kiselyov_Extensible_2013,
  doi={10.1145/2503778.2503791},
  title={Extensible effects},
  year={2013},
  pages={59},
  author={Kiselyov, Oleg and Sabry, Amr and Swords, Cameron}
}

@article{Reynolds_Definitional_1972,
  doi={10.1145/800194.805852},
  title={Definitional interpreters for higher-order programming languages},
  year={1972},
  pages={717-740},
  author={Reynolds, John C}
}

@article{SWIERSTRA_Data_2008,
  issn={0956-7968},
  doi={10.1017/S0956796808006758},
  title={Data types {\`a} la carte},
  volume={18},
  number={04},
  year={2008},
  author={{SWIERSTRA,} {WOUTER}}
}

@article{Downen_Compositional_2014,
  doi={10.1145/2628136.2628147},
  title={Compositional semantics for composable continuations},
  year={2014},
  pages={109-122},
  author={Downen, Paul and Ariola, Zena M}
}

@article{Downen_Compositional_2014,
  issn={0362-1340},
  doi={10.1145/2692915.2628147},
  title={Compositional semantics for composable continuations},
  volume={49},
  number={9},
  year={2014},
  pages={109-122},
  author={Downen, Paul and Ariola, Zena M}
}

@book{Danvy_From_2009,
  doi={10.1007/978-3-642-04652-0_3},
  title={From {Reduction-Based} to {Reduction-Free} Normalization},
  isbn={9783642046513},
  volume={5832},
  year={2009},
  abstract={We document an operational method to construct reduction-free normalization functions. Starting from a reduction-based normalization function from a reduction semantics, i.e., the iteration of a one-step reduction function, we successively subject it to refocusing (i.e., deforestation of the intermediate successive terms in the reduction sequence), equational simplification, refunctionalization (i.e., the converse of defunctionalization), and direct-style transformation (i.e., the converse of the {CPS} transformation), ending with a reduction-free normalization function of the kind usually crafted by hand. We treat in detail four simple examples: calculating arithmetic expressions, recognizing Dyck words, normalizing lambda-terms with explicit substitutions and call/cc, and flattening binary trees. The overall method builds on previous work by the author and his students on a syntactic correspondence between reduction semantics and abstract machines and on a functional correspondence between evaluators and abstract machines. The measure of success of these two correspondences is that each of the inter-derived semantic artifacts (i.e., man-made constructs) could plausibly have been written by hand, as is the actual case for several ones derived here.},
  author={Danvy, Olivier}
}

@article{Davies_A_1995,
  issn={0909-0878},
  doi={10.7146/brics.v2i51.19952},
  title={A {Temporal-Logic} Approach to {Binding-Time} Analysis},
  volume={2},
  number={51},
  year={1995},
  author={Davies, Rowan}
}

@article{Danvy_On_2007,
  issn={0909-0878},
  doi={10.7146/brics.v14i16.21935},
  title={On the Equivalence between {Small-Step} and {Big-Step} Abstract Machines: A Simple Application of Lightweight Fusion},
  volume={14},
  number={16},
  year={2007},
  abstract={We show how Ohori and Sasano's recent lightweight fusion by fixed-point promotion provides a simple way to prove the equivalence of the two standard styles of specification of abstract machines: (1) in small-step form, as a state-transition function together with a ‘driver loop’, i.e., a function implementing the iteration of this transition function; and (2) in big-step form, as a tail-recursive function that directly maps a given configuration to a final state, if any. The equivalence hinges on our observation that for abstract machines, fusing a small-step specification yields a big-step specification. We illustrate this observation here with a recognizer for Dyck words, the {CEK} machine, and Krivine's machine with {call/cc.The} need for such a simple proof is motivated by our current work on small-step abstract machines as obtained by refocusing a function implementing a reduction semantics (a syntactic correspondence), and big-step abstract machines as obtained by {CPS-transforming} and then defunctionalizing a function implementing a big-step semantics (a functional correspondence).},
  pages={100-109},
  author={Danvy, Olivier and Millikin, Kevin}
}

@article{Biernacki_A_2006,
  issn={0909-0878},
  doi={10.7146/brics.v13i15.21920},
  title={A Dynamic {Continuation-Passing} Style for Dynamic Delimited Continuations},
  volume={13},
  number={15},
  year={2006},
  pages={1-25},
  author={Biernacki, Dariusz and Danvy, Olivier and Millikin, Kevin}
}

@article{Biernacka_An_2003,
  issn={0909-0878},
  doi={10.7146/brics.v10i41.21809},
  title={An Operational Foundation for Delimited Continuations},
  volume={10},
  number={41},
  year={2003},
  author={Biernacka, Malgorzata and Biernacki, Dariusz and Danvy, Olivier}
}

@article{Ager_From_2003,
  issn={0909-0878},
  doi={10.7146/brics.v10i14.21784},
  title={From Interpreter to Compiler and Virtual Machine: A Functional Derivation},
  volume={10},
  number={14},
  year={2003},
  author={Ager, Mads and Biernacki, Dariusz and Danvy, Olivier and Midtgaard, Jan}
}

@book{Danvy_Lecture_1992,
  doi={10.1007/3-540-55253-7_8},
  title={Back to direct style},
  isbn={9783-540-55253-6},
  year={1992},
  author={Danvy, Olivier}
}

@article{Shan_A_2007,
  issn={1388-3690},
  doi={10.1007/s10990-007-9010-4},
  title={A static simulation of dynamic delimited control},
  volume={20},
  number={4},
  year={2007},
  pages={371-401},
  author={Shan, Chung-chieh}
}

@article{Rossberg_1ML_2015,
  issn={0362-1340},
  doi={10.1145/2858949.2784738},
  title={{1ML} – core and modules united {(F-ing} first-class modules)},
  volume={50},
  number={9},
  year={2015},
  pages={35-47},
  author={Rossberg, Andreas}
}

@article{Ager_A_2004,
  issn={0020-0190},
  doi={10.1016/j.ipl.2004.02.012},
  title={A functional correspondence between call-by-need evaluators and lazy abstract machines},
  volume={90},
  number={5},
  year={2004},
  abstract={We bridge the gap between compositional evaluators and abstract machines for the lambda-calculus, using closure conversion, transformation into continuation-passing style, and defunctionalization of continuations. This article is a followup of our article at {PPDP} 2003, where we consider call by name and call by value. Here, however, we consider call by {need.We} derive a lazy abstract machine from an ordinary call-by-need evaluator that threads a heap of updatable cells. In this resulting abstract machine, the continuation fragment for updating a heap cell naturally appears as an ‘update marker’, an implementation technique that was invented for the Three Instruction Machine and subsequently used to construct lazy variants of Krivine's abstract machine. Tuning the evaluator leads to other implementation techniques such as unboxed values. The correctness of the resulting abstract machines is a corollary of the correctness of the original evaluators and of the program transformations used in the derivation.},
  pages={223-232},
  author={Ager, Mads and Danvy, Olivier and Midtgaard, Jan}
}

@article{Cohen_In_2006,
  issn={0167-6423},
  doi={10.1016/j.scico.2005.10.013},
  title={In search of a program generator to implement generic transformations for high-performance computing},
  volume={62},
  number={1},
  year={2006},
  abstract={The quality of compiler-optimized code for high-performance applications is far behind what optimization and domain experts can achieve by hand. Although it may seem surprising at first glance, the performance gap has been widening over time, due to the tremendous complexity increase in microprocessor and memory architectures, and to the rising level of abstraction of popular programming languages and styles. This paper explores in-between solutions, neither fully automatic nor fully manual ways to adapt a computationally intensive application to the target architecture. By mimicking complex sequences of transformations useful to optimize real codes, we show that generative programming is a practical means to implement architecture-aware optimizations for high-performance {applications.This} work explores the promises of generative programming languages and techniques for the high-performance computing expert. We show that complex, architecture-specific optimizations can be implemented in a type-safe, purely generative framework. Peak performance is achievable through the careful combination of a high-level, multi-stage evaluation {language–MetaOCaml–with} low-level code generation techniques. Nevertheless, our results also show that generative approaches for high-performance computing do not come without technical caveats and implementation barriers concerning productivity and reuse. We describe these difficulties and identify ways to hide or overcome them, from abstract syntaxes to heterogeneous generators of code generators, combining high-level and type-safe multi-stage programming with a back-end generator of imperative code.},
  pages={25-46},
  author={Cohen, Albert and Donadio, S{\'e}bastien and Garzaran, {Maria-Jesus} and Herrmann, Christoph and Kiselyov, Oleg and Padua, David}
}

@article{F0F657D4-5064-EB1A-FCEF-CC653E56C5BE,
  title={wiley.pdf},
  file={/Users/yorisilo/Dropbox/tsukuba/lab/paper/wiley.pdf},
  year={0}
}

@book{Danvy_From_2004,
  issn={0909-0878},
  doi={10.7146/brics.v11i30.21855},
  isbn={9783642046513},
  volume={11},
  file={/Users/yorisilo/Dropbox/tsukuba/lab/paper/Danvy-2004-BRICS Report Series.pdf},
  year={2004},
  abstract={We present a systematic construction of a reduction-free normalization function. Starting from a reduction-based normalization function, i.e., the transitive closure of a one-step reduction function, we successively subject it to refocusing (i.e., deforestation of the intermediate reduced terms), simplification (i.e., fusing auxiliary functions), refunctionalization (i.e., Church encoding), and direct-style transformation (i.e., the converse of the {CPS} transformation). We consider two simple examples and treat them in detail: for the first one, arithmetic expressions, we construct an evaluation function; for the second one, terms in the free monoid, we construct an accumulator-based flatten function. The resulting two functions are traditional reduction-free normalization {functions.The} construction builds on previous work on refocusing and on a functional correspondence between evaluators and abstract machines. It is also reversible.},
  author={Danvy, Olivier}
}

@article{E95A2BD9-4952-E003-B735-CC653E53BB55,
  title={Suzuki.pdf},
  file={/Users/yorisilo/Dropbox/tsukuba/lab/paper/Suzuki.pdf},
  year={0}
}

@article{995B0133-CED7-CDD2-A1A6-CC653E53348E,
  title={sudomaster.pdf},
  file={/Users/yorisilo/Dropbox/tsukuba/lab/paper/sudomaster.pdf},
  year={0}
}

@article{Materzok_Subtyping_2011,
  issn={0362-1340},
  doi={10.1145/2034574.2034786},
  title={Subtyping delimited continuations},
  isbn={978-1-4503-0865-6},
  volume={46},
  file={/Users/yorisilo/Dropbox/tsukuba/lab/paper/Materzok et al-2011-ACM SIGPLAN Notices.pdf},
  number={9},
  year={2011},
  pages={81},
  author={Materzok, Marek and Biernacki, Dariusz}
}

@article{Felleisen_The_1988,
  doi={10.1145/73560.73576},
  title={The theory and practice of first-class prompts},
  year={1988},
  abstract={Abstract An analysis of the \&lgr; {ugr;-C-calculus} and its problematic relationship to operational equivalence leads to a new control facility: the prompt-application. With the introduction of prompt-applications, the control calculus becomes a traditional calculus all  ...},
  pages={180-190},
  author={Felleisen, Mattias}
}

@article{Biernacka_Proving_2013,
  doi={10.4204/EPTCS.127.2},
  title={Proving termination of evaluation for System F with control operators},
  file={/Users/yorisilo/Dropbox/tsukuba/lab/paper/Biernacka et al-2013-Electronic Proceedings in Theoretical Computer Science.pdf},
  year={2013},
  abstract={We present new proofs of termination of evaluation in reduction semantics (i.e., a small-step operational semantics with explicit representation of evaluation contexts) for System F with control operators. We introduce a modified version of Girard's proof method based on reducibility candidates, where the reducibility predicates are defined on values and on evaluation contexts as prescribed by the reduction semantics format. We address both abortive control operators (callcc) and delimited-control operators (shift and reset) for which we introduce novel polymorphic type systems, and we consider both the call-by-value and call-by-name evaluation strategies.},
  pages={15-29},
  author={Biernacka, Małgorzata and Biernacki, Dariusz and Lenglet, Sergue{\"i} and Materzok, Marek}
}

@article{KAMEYAMA_Shifting_2011,
  issn={0956-7968},
  doi={10.1017/S0956796811000256},
  title={Shifting the stage},
  volume={21},
  file={/Users/yorisilo/Dropbox/tsukuba/lab/paper/KAMEYAMA et al-2011-J Funct Program.pdf},
  number={06},
  year={2011},
  journal={J Funct Program},
  pages={617-662},
  author={{KAMEYAMA,} {YUKIYOSHI} and {KISELYOV,} {OLEG} and {SHAN,} {CHUNG-CHIEH}}
}

@article{Kameyama_Shifting_2008,
  doi={10.1145/1480945.1480962},
  title={Shifting the stage},
  isbn={978-1-60558-327-3},
  file={/Users/yorisilo/Dropbox/tsukuba/lab/paper/Kameyama et al-2008-acm.pdf},
  year={2008},
  pages={111},
  author={Kameyama, Yukiyoshi and Kiselyov, Oleg and Shan, Chung-chieh}
}

@article{White_Modular_2015,
  doi={10.4204/EPTCS.198.2},
  title={Modular implicits},
  volume={198},
  file={/Users/yorisilo/Dropbox/tsukuba/lab/paper/White et al-2015-Electron Proc Theor Comput Sci.pdf},
  year={2015},
  journal={Electron Proc Theor Comput Sci},
  abstract={We present modular implicits, an extension to the {OCaml} language for ad-hoc polymorphism inspired by Scala implicits and modular type classes. Modular implicits are based on type-directed implicit module parameters, and elaborate straightforwardly into {OCaml's} first-class functors. Basing the design on {OCaml's} modules leads to a system that naturally supports many features from other languages with systematic ad-hoc overloading, including inheritance, instance constraints, constructor classes and associated types.},
  pages={22-63},
  author={White, Leo and Bour, Fr{\'e}d{\'e}ric and Yallop, Jeremy}
}

@article{Danvy_A_1989,
  title={A functional abstraction of typed contexts},
  file={/Users/yorisilo/Dropbox/tsukuba/lab/paper/Danvy et al-1989-Univ.pdf},
  year={1989},
  abstract={Abstract This report investigates abstracting control with functions. This is achieved by defining continuations as functions abstracting lexically a delimited context {[C} []] rather than dynamically an unlimited one C [], as it is usually the case. Because their co-domain is  ...},
  author={Danvy, Olivier and Filinski, Andrzej}
}
